<?xml version="1.0" encoding="UTF-8"?>
<!DOCTYPE html PUBLIC "-//W3C//DTD XHTML 1.0 Transitional//EN"
    "http://www.w3.org/TR/xhtml1/DTD/xhtml1-transitional.dtd">
<html xmlns="http://www.w3.org/1999/xhtml" xml:lang="en" lang="en">
 <head>
  <title>
</title>
<meta http-equiv="Content-Type" content="text/html;charset=utf-8" />
  <meta name='ocr-system' content='tesseract 3.04.00' />
  <meta name='ocr-capabilities' content='ocr_page ocr_carea ocr_par ocr_line ocrx_word'/>
</head>
<body>
  <div class='ocr_page' id='page_1' title='image "./ephemerisepigra11instgoog_0276.png"; bbox 0 0 3392 5934; ppageno 0'>
   <div class='ocr_carea' id='block_1_1' title="bbox 323 1932 1015 2296">
    <p class='ocr_par' dir='ltr' id='par_1_1' title="bbox 323 1932 1015 2296">
     <span class='ocr_line' id='line_1_1' title="bbox 463 1932 925 2048; baseline 0.002 -3"><span class='ocrx_word' id='word_1_1' title='bbox 463 1932 925 2048; x_wconf 78' lang='lat' dir='ltr'><strong>ADDITAMENTA</strong></span> 
     </span>
     <span class='ocr_line' id='line_1_2' title="bbox 323 2155 1015 2296; baseline 0.001 -59"><span class='ocrx_word' id='word_1_2' title='bbox 323 2287 327 2296; x_wconf 89' lang='lat'>.</span> <span class='ocrx_word' id='word_1_3' title='bbox 370 2156 446 2237; x_wconf 76' lang='lat' dir='ltr'><strong>uo</strong></span> <span class='ocrx_word' id='word_1_4' title='bbox 482 2155 1015 2241; x_wconf 71' lang='lat' dir='ltr'><strong>consensionum.</strong></span> 
     </span>
    </p>
   </div>
   <div class='ocr_carea' id='block_1_2' title="bbox 617 2386 770 2394">
    <p class='ocr_par' dir='ltr' id='par_1_2' title="bbox 617 2386 770 2394">
     <span class='ocr_line' id='line_1_3' title="bbox 617 2386 770 2394; baseline -0.007 0"><span class='ocrx_word' id='word_1_5' title='bbox 617 2386 770 2394; x_wconf 74' lang='lat'><em>—————·</em></span> 
     </span>
    </p>
   </div>
   <div class='ocr_carea' id='block_1_3' title="bbox 48 2553 1395 5398">
    <p class='ocr_par' dir='ltr' id='par_1_3' title="bbox 48 2553 1395 5398">
     <span class='ocr_line' id='line_1_4' title="bbox 82 2553 1363 2638; baseline 0.005 -24"><span class='ocrx_word' id='word_1_6' title='bbox 82 2553 179 2636; x_wconf 87' lang='lat' dir='ltr'><strong>Corpus</strong></span> <span class='ocrx_word' id='word_1_7' title='bbox 200 2560 435 2638; x_wconf 84' lang='lat' dir='ltr'><strong>inscriptionum</strong></span> <span class='ocrx_word' id='word_1_8' title='bbox 450 2558 627 2620; x_wconf 86' lang='lat' dir='ltr'><strong>Latinarum</strong></span> <span class='ocrx_word' id='word_1_9' title='bbox 645 2560 854 2620; x_wconf 84' lang='lat' dir='ltr'><strong>Africanarum</strong></span> <span class='ocrx_word' id='word_1_10' title='bbox 877 2562 929 2620; x_wconf 85' lang='lat' dir='ltr'><strong>vix</strong></span> <span class='ocrx_word' id='word_1_11' title='bbox 952 2571 1017 2620; x_wconf 81' lang='lat' dir='ltr'><strong>erat</strong></span> <span class='ocrx_word' id='word_1_12' title='bbox 1037 2561 1160 2636; x_wconf 85' lang='lat' dir='ltr'><strong>editum,</strong></span> <span class='ocrx_word' id='word_1_13' title='bbox 1182 2579 1248 2620; x_wconf 93' lang='lat' dir='ltr'><strong>cum</strong></span> <span class='ocrx_word' id='word_1_14' title='bbox 1265 2559 1363 2620; x_wconf 91' lang='lat' dir='ltr'><strong>denuo</strong></span> 
     </span>
     <span class='ocr_line' id='line_1_5' title="bbox 52 2663 1395 2740; baseline 0.008 -28"><span class='ocrx_word' id='word_1_15' title='bbox 52 2667 112 2717; x_wconf 83' lang='lat' dir='ltr'><strong>unta</strong></span> <span class='ocrx_word' id='word_1_16' title='bbox 129 2664 281 2723; x_wconf 88' lang='lat' dir='ltr'><strong>titulorum</strong></span> <span class='ocrx_word' id='word_1_17' title='bbox 308 2681 411 2722; x_wconf 86' lang='lat' dir='ltr'><strong>recens</strong></span> <span class='ocrx_word' id='word_1_18' title='bbox 432 2671 617 2740; x_wconf 88' lang='lat' dir='ltr'><strong>repertorum</strong></span> <span class='ocrx_word' id='word_1_19' title='bbox 639 2663 727 2739; x_wconf 86' lang='lat' dir='ltr'><strong>copia</strong></span> <span class='ocrx_word' id='word_1_20' title='bbox 747 2665 884 2738; x_wconf 80' lang='lat' dir='ltr'><strong>emersit,</strong></span> <span class='ocrx_word' id='word_1_21' title='bbox 916 2672 948 2722; x_wconf 88' lang='lat' dir='ltr'><strong>ut</strong></span> <span class='ocrx_word' id='word_1_22' title='bbox 969 2665 1109 2724; x_wconf 90' lang='lat' dir='ltr'><strong>continuo</strong></span> <span class='ocrx_word' id='word_1_23' title='bbox 1132 2663 1184 2740; x_wconf 90' lang='lat' dir='ltr'><strong>qui</strong></span> <span class='ocrx_word' id='word_1_24' title='bbox 1210 2665 1266 2724; x_wconf 92' lang='lat' dir='ltr'><strong>toti</strong></span> <span class='ocrx_word' id='word_1_25' title='bbox 1292 2664 1362 2723; x_wconf 90' lang='lat' dir='ltr'><strong>hnic</strong></span> <span class='ocrx_word' id='word_1_26' title='bbox 1393 2689 1395 2694; x_wconf 88' lang='lat'><em>·</em></span> 
     </span>
     <span class='ocr_line' id='line_1_6' title="bbox 51 2765 1363 2843; baseline 0.005 -25"><span class='ocrx_word' id='word_1_27' title='bbox 51 2765 110 2836; x_wconf 86' lang='lat' dir='ltr'><strong>operi</strong></span> <span class='ocrx_word' id='word_1_28' title='bbox 124 2776 274 2840; x_wconf 79' lang='lat' dir='ltr'>praesunt,</span> <span class='ocrx_word' id='word_1_29' title='bbox 301 2765 516 2843; x_wconf 79' lang='lat' dir='ltr'><strong>supplementis</strong></span> <span class='ocrx_word' id='word_1_30' title='bbox 533 2765 696 2824; x_wconf 89' lang='lat' dir='ltr'><strong>condendis</strong></span> <span class='ocrx_word' id='word_1_31' title='bbox 712 2765 884 2842; x_wconf 84' lang='lat' dir='ltr'><strong>prospicere</strong></span> <span class='ocrx_word' id='word_1_32' title='bbox 899 2766 1049 2827; x_wconf 89' lang='lat' dir='ltr'><strong>deberent.</strong></span> <span class='ocrx_word' id='word_1_33' title='bbox 1084 2765 1163 2826; x_wconf 84' lang='lat' dir='ltr'><strong>Nam</strong></span> <span class='ocrx_word' id='word_1_34' title='bbox 1179 2785 1246 2824; x_wconf 92' lang='lat' dir='ltr'><strong>cum</strong></span> <span class='ocrx_word' id='word_1_35' title='bbox 1258 2766 1363 2825; x_wconf 83' lang='lat' dir='ltr'><strong>Africa</strong></span> 
     </span>
     <span class='ocr_line' id='line_1_7' title="bbox 51 2859 1363 2946; baseline 0.004 -25"><span class='ocrx_word' id='word_1_36' title='bbox 51 2859 156 2926; x_wconf 81' lang='lat' dir='ltr'><strong>Romana</strong></span> <span class='ocrx_word' id='word_1_37' title='bbox 177 2867 371 2946; x_wconf 77' lang='lat' dir='ltr'><strong>antiquitatis</strong></span> <span class='ocrx_word' id='word_1_38' title='bbox 395 2868 594 2927; x_wconf 81' lang='lat' dir='ltr'><strong>monumentis</strong></span> <span class='ocrx_word' id='word_1_39' title='bbox 617 2867 748 2944; x_wconf 87' lang='lat' dir='ltr'><strong>reliquas</strong></span> <span class='ocrx_word' id='word_1_40' title='bbox 776 2885 853 2944; x_wconf 85' lang='lat' dir='ltr'><strong>quae</strong></span> <span class='ocrx_word' id='word_1_41' title='bbox 881 2870 952 2927; x_wconf 92' lang='lat' dir='ltr'><strong>olim</strong></span> <span class='ocrx_word' id='word_1_42' title='bbox 981 2879 1068 2926; x_wconf 89' lang='lat' dir='ltr'><strong>erant</strong></span> <span class='ocrx_word' id='word_1_43' title='bbox 1096 2868 1213 2944; x_wconf 91' lang='lat' dir='ltr'><strong>imperii</strong></span> <span class='ocrx_word' id='word_1_44' title='bbox 1234 2867 1363 2927; x_wconf 86' lang='lat' dir='ltr'><strong>Romani</strong></span> 
     </span>
     <span class='ocr_line' id='line_1_8' title="bbox 51 2969 1363 3048; baseline 0.005 -27"><span class='ocrx_word' id='word_1_45' title='bbox 51 2970 188 3037; x_wconf 75' lang='lat' dir='ltr'><strong>prouincias</strong></span> <span class='ocrx_word' id='word_1_46' title='bbox 210 2989 341 3030; x_wconf 88' lang='lat' dir='ltr'><strong>numero</strong></span> <span class='ocrx_word' id='word_1_47' title='bbox 364 2979 443 3029; x_wconf 87' lang='lat' dir='ltr'><strong>certe</strong></span> <span class='ocrx_word' id='word_1_48' title='bbox 466 2979 596 3047; x_wconf 76' lang='lat' dir='ltr'><strong>superat,</strong></span> <span class='ocrx_word' id='word_1_49' title='bbox 620 2979 681 3029; x_wconf 91' lang='lat' dir='ltr'><strong>tum</strong></span> <span class='ocrx_word' id='word_1_50' title='bbox 697 2969 826 3030; x_wconf 88' lang='lat' dir='ltr'><strong>Tunisia</strong></span> <span class='ocrx_word' id='word_1_51' title='bbox 846 2971 876 3028; x_wconf 92' lang='lat' dir='ltr'><strong>in</strong></span> <span class='ocrx_word' id='word_1_52' title='bbox 899 2970 1165 3048; x_wconf 85' lang='lat' dir='ltr'><strong>Franccgallorum</strong></span> <span class='ocrx_word' id='word_1_53' title='bbox 1185 2977 1363 3046; x_wconf 87' lang='lat' dir='ltr'><strong>potestatem</strong></span> 
     </span>
     <span class='ocr_line' id='line_1_9' title="bbox 50 3067 1362 3150; baseline 0.008 -29"><span class='ocrx_word' id='word_1_54' title='bbox 50 3067 142 3129; x_wconf 83' lang='lat' dir='ltr'><strong>redacta</strong></span> <span class='ocrx_word' id='word_1_55' title='bbox 160 3073 263 3132; x_wconf 86' lang='lat' dir='ltr'><strong>titulos</strong></span> <span class='ocrx_word' id='word_1_56' title='bbox 291 3071 477 3130; x_wconf 89' lang='lat' dir='ltr'><strong>describendi</strong></span> <span class='ocrx_word' id='word_1_57' title='bbox 500 3083 589 3148; x_wconf 87' lang='lat' dir='ltr'><strong>atque</strong></span> <span class='ocrx_word' id='word_1_58' title='bbox 603 3072 805 3148; x_wconf 79' lang='lat' dir='ltr'><strong>investigandi</strong></span> <span class='ocrx_word' id='word_1_59' title='bbox 820 3073 971 3132; x_wconf 88' lang='lat' dir='ltr'><strong>contentio</strong></span> <span class='ocrx_word' id='word_1_60' title='bbox 987 3091 1097 3132; x_wconf 88' lang='lat' dir='ltr'><strong>novum</strong></span> <span class='ocrx_word' id='word_1_61' title='bbox 1113 3072 1193 3149; x_wconf 87' lang='lat' dir='ltr'><strong>cepit</strong></span> <span class='ocrx_word' id='word_1_62' title='bbox 1209 3073 1362 3150; x_wconf 89' lang='lat' dir='ltr'><strong>impetum.</strong></span> 
     </span>
     <span class='ocr_line' id='line_1_10' title="bbox 50 3166 1365 3252; baseline 0.006 -28"><span class='ocrx_word' id='word_1_63' title='bbox 50 3166 167 3232; x_wconf 74' lang='lat' dir='ltr'><strong>Nimirum</strong></span> <span class='ocrx_word' id='word_1_64' title='bbox 192 3195 290 3252; x_wconf 89' lang='lat' dir='ltr'><strong>quam</strong></span> <span class='ocrx_word' id='word_1_65' title='bbox 314 3183 422 3234; x_wconf 79' lang='lat' dir='ltr'><strong>terrane</strong></span> <span class='ocrx_word' id='word_1_66' title='bbox 446 3176 475 3233; x_wconf 86' lang='lat' dir='ltr'><strong>vi</strong></span> <span class='ocrx_word' id='word_1_67' title='bbox 501 3184 531 3234; x_wconf 92' lang='lat' dir='ltr'><strong>et</strong></span> <span class='ocrx_word' id='word_1_68' title='bbox 556 3175 647 3233; x_wconf 88' lang='lat' dir='ltr'><strong>armis</strong></span> <span class='ocrx_word' id='word_1_69' title='bbox 676 3175 734 3234; x_wconf 92' lang='lat' dir='ltr'><strong>sibi</strong></span> <span class='ocrx_word' id='word_1_70' title='bbox 762 3175 964 3248; x_wconf 88' lang='lat' dir='ltr'><strong>subiecerant,</strong></span> <span class='ocrx_word' id='word_1_71' title='bbox 993 3195 1057 3232; x_wconf 90' lang='lat' dir='ltr'><strong>eam</strong></span> <span class='ocrx_word' id='word_1_72' title='bbox 1087 3175 1177 3233; x_wconf 86' lang='lat' dir='ltr'><strong>etiam</strong></span> <span class='ocrx_word' id='word_1_73' title='bbox 1205 3174 1365 3250; x_wconf 87' lang='lat' dir='ltr'><strong>explorare</strong></span> 
     </span>
     <span class='ocr_line' id='line_1_11' title="bbox 51 3277 1364 3355; baseline 0.002 -25"><span class='ocrx_word' id='word_1_74' title='bbox 51 3283 113 3348; x_wconf 78' lang='lat' dir='ltr'><strong>utque</strong></span> <span class='ocrx_word' id='word_1_75' title='bbox 132 3295 316 3355; x_wconf 82' lang='lat' dir='ltr'><strong>cognoscere</strong></span> <span class='ocrx_word' id='word_1_76' title='bbox 344 3284 374 3334; x_wconf 91' lang='lat' dir='ltr'><strong>et</strong></span> <span class='ocrx_word' id='word_1_77' title='bbox 395 3296 472 3353; x_wconf 89' lang='lat' dir='ltr'><strong>quae</strong></span> <span class='ocrx_word' id='word_1_78' title='bbox 495 3277 536 3336; x_wconf 94' lang='lat' dir='ltr'><strong>ibi</strong></span> <span class='ocrx_word' id='word_1_79' title='bbox 558 3277 655 3335; x_wconf 91' lang='lat' dir='ltr'><strong>adhuc</strong></span> <span class='ocrx_word' id='word_1_80' title='bbox 676 3277 811 3336; x_wconf 88' lang='lat' dir='ltr'><strong>latebant</strong></span> <span class='ocrx_word' id='word_1_81' title='bbox 831 3287 1024 3336; x_wconf 83' lang='lat' dir='ltr'><strong>monumenta</strong></span> <span class='ocrx_word' id='word_1_82' title='bbox 1045 3277 1083 3336; x_wconf 87' lang='lat' dir='ltr'><strong>ad</strong></span> <span class='ocrx_word' id='word_1_83' title='bbox 1106 3277 1222 3335; x_wconf 85' lang='lat' dir='ltr'><strong>litteras</strong></span> <span class='ocrx_word' id='word_1_84' title='bbox 1245 3294 1364 3353; x_wconf 91' lang='lat' dir='ltr'><strong>promo·</strong></span> 
     </span>
     <span class='ocr_line' id='line_1_12' title="bbox 53 3377 1363 3456; baseline 0.008 -30"><span class='ocrx_word' id='word_1_85' title='bbox 53 3377 134 3436; x_wconf 76' lang='lat' dir='ltr'><strong>ueudss</strong></span> <span class='ocrx_word' id='word_1_86' title='bbox 154 3381 265 3438; x_wconf 88' lang='lat' dir='ltr'><strong>idonea</strong></span> <span class='ocrx_word' id='word_1_87' title='bbox 290 3379 466 3456; x_wconf 78' lang='lat' dir='ltr'><strong>protrahere</strong></span> <span class='ocrx_word' id='word_1_88' title='bbox 488 3387 518 3438; x_wconf 88' lang='lat' dir='ltr'><strong>et</strong></span> <span class='ocrx_word' id='word_1_89' title='bbox 539 3381 570 3437; x_wconf 91' lang='lat' dir='ltr'><strong>in</strong></span> <span class='ocrx_word' id='word_1_90' title='bbox 593 3379 744 3455; x_wconf 90' lang='lat' dir='ltr'><strong>publicum</strong></span> <span class='ocrx_word' id='word_1_91' title='bbox 767 3379 856 3438; x_wconf 90' lang='lat' dir='ltr'><strong>edere</strong></span> <span class='ocrx_word' id='word_1_92' title='bbox 872 3398 958 3439; x_wconf 87' lang='lat' dir='ltr'><strong>suum</strong></span> <span class='ocrx_word' id='word_1_93' title='bbox 974 3379 1133 3456; x_wconf 89' lang='lat' dir='ltr'><strong>praecipue</strong></span> <span class='ocrx_word' id='word_1_94' title='bbox 1149 3379 1279 3436; x_wconf 87' lang='lat' dir='ltr'><strong>officium</strong></span> <span class='ocrx_word' id='word_1_95' title='bbox 1296 3397 1363 3437; x_wconf 85' lang='lat' dir='ltr'><strong>esse</strong></span> 
     </span>
     <span class='ocr_line' id='line_1_13' title="bbox 53 3471 1363 3558; baseline 0.005 -26"><span class='ocrx_word' id='word_1_96' title='bbox 53 3471 209 3558; x_wconf 83' lang='lat' dir='ltr'><strong>lraneogalli</strong></span> <span class='ocrx_word' id='word_1_97' title='bbox 234 3482 332 3558; x_wconf 88' lang='lat' dir='ltr'><strong>probe</strong></span> <span class='ocrx_word' id='word_1_98' title='bbox 355 3489 582 3557; x_wconf 86' lang='lat' dir='ltr'><strong>perspexerunt.</strong></span> <span class='ocrx_word' id='word_1_99' title='bbox 616 3478 740 3539; x_wconf 88' lang='lat' dir='ltr'><strong>Utinam</strong></span> <span class='ocrx_word' id='word_1_100' title='bbox 756 3481 794 3539; x_wconf 86' lang='lat' dir='ltr'><strong>ad</strong></span> <span class='ocrx_word' id='word_1_101' title='bbox 811 3481 933 3542; x_wconf 83' lang='lat' dir='ltr'><strong>Africae</strong></span> <span class='ocrx_word' id='word_1_102' title='bbox 948 3489 1140 3540; x_wconf 87' lang='lat' dir='ltr'><strong>monumenta</strong></span> <span class='ocrx_word' id='word_1_103' title='bbox 1155 3481 1279 3557; x_wconf 87' lang='lat' dir='ltr'><strong>antiqua</strong></span> <span class='ocrx_word' id='word_1_104' title='bbox 1294 3499 1363 3540; x_wconf 88' lang='lat' dir='ltr'><strong>con·</strong></span> 
     </span>
     <span class='ocr_line' id='line_1_14' title="bbox 58 3581 1364 3661; baseline 0.005 -27"><span class='ocrx_word' id='word_1_105' title='bbox 58 3583 167 3640; x_wconf 73' lang='lat' dir='ltr'><strong>tenenda</strong></span> <span class='ocrx_word' id='word_1_106' title='bbox 189 3595 219 3643; x_wconf 91' lang='lat' dir='ltr'><strong>et</strong></span> <span class='ocrx_word' id='word_1_107' title='bbox 241 3585 284 3642; x_wconf 87' lang='lat' dir='ltr'><strong>ab</strong></span> <span class='ocrx_word' id='word_1_108' title='bbox 307 3584 428 3642; x_wconf 88' lang='lat' dir='ltr'><strong>interitu</strong></span> <span class='ocrx_word' id='word_1_109' title='bbox 451 3583 630 3642; x_wconf 78' lang='lat' dir='ltr'><strong>vindicanda</strong></span> <span class='ocrx_word' id='word_1_110' title='bbox 652 3583 774 3642; x_wconf 88' lang='lat' dir='ltr'><strong>eandem</strong></span> <span class='ocrx_word' id='word_1_111' title='bbox 797 3603 898 3642; x_wconf 84' lang='lat' dir='ltr'><strong>curam</strong></span> <span class='ocrx_word' id='word_1_112' title='bbox 921 3581 1149 3661; x_wconf 86' lang='lat' dir='ltr'><strong>impendendam</strong></span> <span class='ocrx_word' id='word_1_113' title='bbox 1179 3600 1248 3641; x_wconf 86' lang='lat' dir='ltr'><strong>esse</strong></span> <span class='ocrx_word' id='word_1_114' title='bbox 1274 3583 1364 3640; x_wconf 90' lang='lat' dir='ltr'><strong>iidem</strong></span> 
     </span>
     <span class='ocr_line' id='line_1_15' title="bbox 57 3677 1363 3763; baseline 0.009 -33"><span class='ocrx_word' id='word_1_115' title='bbox 57 3677 92 3736; x_wconf 87' lang='lat' dir='ltr'><strong>nbi</strong></span> <span class='ocrx_word' id='word_1_116' title='bbox 107 3686 340 3759; x_wconf 84' lang='lat' dir='ltr'><strong>persuaderent!</strong></span> <span class='ocrx_word' id='word_1_117' title='bbox 365 3721 402 3730; x_wconf 95' lang='lat'><em>-</em></span> <span class='ocrx_word' id='word_1_118' title='bbox 428 3683 607 3762; x_wconf 86' lang='lat' dir='ltr'><strong>Complures</strong></span> <span class='ocrx_word' id='word_1_119' title='bbox 629 3684 719 3760; x_wconf 83' lang='lat' dir='ltr'><strong>igitur</strong></span> <span class='ocrx_word' id='word_1_120' title='bbox 741 3685 798 3743; x_wconf 90' lang='lat' dir='ltr'><strong>viri</strong></span> <span class='ocrx_word' id='word_1_121' title='bbox 822 3685 901 3744; x_wconf 92' lang='lat' dir='ltr'><strong>docti</strong></span> <span class='ocrx_word' id='word_1_122' title='bbox 924 3695 976 3744; x_wconf 87' lang='lat' dir='ltr'><strong>aut</strong></span> <span class='ocrx_word' id='word_1_123' title='bbox 998 3704 1052 3744; x_wconf 90' lang='lat' dir='ltr'><strong>sua</strong></span> <span class='ocrx_word' id='word_1_124' title='bbox 1074 3693 1192 3763; x_wconf 86' lang='lat' dir='ltr'><strong>sponte,</strong></span> <span class='ocrx_word' id='word_1_125' title='bbox 1215 3694 1249 3742; x_wconf 87' lang='lat' dir='ltr'><strong>ut</strong></span> <span class='ocrx_word' id='word_1_126' title='bbox 1271 3683 1363 3744; x_wconf 84' lang='lat' dir='ltr'><strong>Osro-</strong></span> 
     </span>
     <span class='ocr_line' id='line_1_16' title="bbox 52 3775 1365 3865; baseline 0.011 -33"><span class='ocrx_word' id='word_1_127' title='bbox 52 3775 82 3836; x_wconf 84' lang='lat' dir='ltr'><strong>lus</strong></span> <span class='ocrx_word' id='word_1_128' title='bbox 98 3784 208 3862; x_wconf 88' lang='lat' dir='ltr'><strong>Tissot,</strong></span> <span class='ocrx_word' id='word_1_129' title='bbox 239 3807 332 3865; x_wconf 88' lang='lat' dir='ltr'><strong>quem</strong></span> <span class='ocrx_word' id='word_1_130' title='bbox 355 3807 448 3864; x_wconf 89' lang='lat' dir='ltr'><strong>nuper</strong></span> <span class='ocrx_word' id='word_1_131' title='bbox 470 3788 552 3846; x_wconf 88' lang='lat' dir='ltr'><strong>bisce</strong></span> <span class='ocrx_word' id='word_1_132' title='bbox 575 3785 682 3846; x_wconf 90' lang='lat' dir='ltr'><strong>studiis</strong></span> <span class='ocrx_word' id='word_1_133' title='bbox 706 3806 909 3865; x_wconf 86' lang='lat' dir='ltr'><strong>praepropero</strong></span> <span class='ocrx_word' id='word_1_134' title='bbox 931 3788 994 3846; x_wconf 82' lang='lat' dir='ltr'><strong>lato</strong></span> <span class='ocrx_word' id='word_1_135' title='bbox 1017 3797 1152 3864; x_wconf 88' lang='lat' dir='ltr'><strong>ereptum</strong></span> <span class='ocrx_word' id='word_1_136' title='bbox 1174 3795 1204 3846; x_wconf 89' lang='lat' dir='ltr'><strong>et</strong></span> <span class='ocrx_word' id='word_1_137' title='bbox 1227 3787 1308 3846; x_wconf 86' lang='lat' dir='ltr'><strong>cives</strong></span> <span class='ocrx_word' id='word_1_138' title='bbox 1336 3796 1365 3846; x_wconf 86' lang='lat' dir='ltr'><strong>et</strong></span> 
     </span>
     <span class='ocr_line' id='line_1_17' title="bbox 50 3889 1365 3966; baseline 0.01 -30"><span class='ocrx_word' id='word_1_139' title='bbox 50 3889 119 3945; x_wconf 82' lang='lat' dir='ltr'><strong>exteri</strong></span> <span class='ocrx_word' id='word_1_140' title='bbox 138 3890 226 3950; x_wconf 90' lang='lat' dir='ltr'><strong>bodie</strong></span> <span class='ocrx_word' id='word_1_141' title='bbox 250 3891 370 3965; x_wconf 82' lang='lat' dir='ltr'><strong>lugent,</strong></span> <span class='ocrx_word' id='word_1_142' title='bbox 399 3898 452 3948; x_wconf 87' lang='lat' dir='ltr'><strong>aut</strong></span> <span class='ocrx_word' id='word_1_143' title='bbox 473 3890 510 3947; x_wconf 88' lang='lat' dir='ltr'><strong>ab</strong></span> <span class='ocrx_word' id='word_1_144' title='bbox 533 3889 577 3946; x_wconf 89' lang='lat' dir='ltr'><strong>eis</strong></span> <span class='ocrx_word' id='word_1_145' title='bbox 604 3889 704 3961; x_wconf 88' lang='lat' dir='ltr'><strong>missi,</strong></span> <span class='ocrx_word' id='word_1_146' title='bbox 732 3889 783 3964; x_wconf 91' lang='lat' dir='ltr'><strong>qui</strong></span> <span class='ocrx_word' id='word_1_147' title='bbox 810 3890 916 3948; x_wconf 84' lang='lat' dir='ltr'><strong>artium</strong></span> <span class='ocrx_word' id='word_1_148' title='bbox 945 3890 1112 3948; x_wconf 87' lang='lat' dir='ltr'><strong>liberalium</strong></span> <span class='ocrx_word' id='word_1_149' title='bbox 1140 3889 1365 3966; x_wconf 76' lang='lat' dir='ltr'><strong>litterarumque</strong></span> 
     </span>
     <span class='ocr_line' id='line_1_18' title="bbox 49 3982 1365 4069; baseline 0.01 -32"><span class='ocrx_word' id='word_1_150' title='bbox 49 3982 202 4051; x_wconf 86' lang='lat' dir='ltr'><strong>incremento</strong></span> <span class='ocrx_word' id='word_1_151' title='bbox 231 3993 264 4050; x_wconf 92' lang='lat' dir='ltr'><strong>in</strong></span> <span class='ocrx_word' id='word_1_152' title='bbox 298 3990 398 4051; x_wconf 84' lang='lat' dir='ltr'><strong>Gallia</strong></span> <span class='ocrx_word' id='word_1_153' title='bbox 426 3995 522 4069; x_wconf 89' lang='lat' dir='ltr'><strong>primo</strong></span> <span class='ocrx_word' id='word_1_154' title='bbox 553 3991 621 4049; x_wconf 90' lang='lat' dir='ltr'><strong>loco</strong></span> <span class='ocrx_word' id='word_1_155' title='bbox 655 3991 828 4063; x_wconf 89' lang='lat' dir='ltr'><strong>consulunt,</strong></span> <span class='ocrx_word' id='word_1_156' title='bbox 861 3993 892 4050; x_wconf 92' lang='lat' dir='ltr'><strong>in</strong></span> <span class='ocrx_word' id='word_1_157' title='bbox 920 3992 968 4051; x_wconf 92' lang='lat' dir='ltr'><strong>his</strong></span> <span class='ocrx_word' id='word_1_158' title='bbox 994 3991 1031 4050; x_wconf 82' lang='lat' dir='ltr'><strong>R..</strong></span> <span class='ocrx_word' id='word_1_159' title='bbox 1063 3989 1193 4069; x_wconf 64' lang='lat' dir='ltr'><strong>(legum,</strong></span> <span class='ocrx_word' id='word_1_160' title='bbox 1225 3991 1365 4065; x_wconf 88' lang='lat' dir='ltr'><strong>Letaille,</strong></span> 
     </span>
     <span class='ocr_line' id='line_1_19' title="bbox 49 4083 1365 4172; baseline 0.005 -27"><span class='ocrx_word' id='word_1_161' title='bbox 49 4083 70 4142; x_wconf 79' lang='grc' dir='ltr'><strong>ιῙ.</strong></span> <span class='ocrx_word' id='word_1_162' title='bbox 85 4087 222 4168; x_wconf 88' lang='lat' dir='ltr'><strong>Poinssot,</strong></span> <span class='ocrx_word' id='word_1_163' title='bbox 247 4092 283 4154; x_wconf 90' lang='lat' dir='ltr'><strong>S.</strong></span> <span class='ocrx_word' id='word_1_164' title='bbox 300 4093 444 4165; x_wconf 87' lang='lat' dir='ltr'><strong>Reinacb,</strong></span> <span class='ocrx_word' id='word_1_165' title='bbox 466 4093 574 4150; x_wconf 86' lang='lat' dir='ltr'><strong>itinera</strong></span> <span class='ocrx_word' id='word_1_166' title='bbox 595 4093 790 4168; x_wconf 82' lang='lat' dir='ltr'><strong>epigrapbica</strong></span> <span class='ocrx_word' id='word_1_167' title='bbox 810 4095 979 4171; x_wconf 81' lang='lat' dir='ltr'><strong>pervarias</strong></span> <span class='ocrx_word' id='word_1_168' title='bbox 996 4095 1081 4172; x_wconf 85' lang='lat' dir='ltr'><strong>regni</strong></span> <span class='ocrx_word' id='word_1_169' title='bbox 1097 4089 1248 4152; x_wconf 86' lang='lat' dir='ltr'><strong>Tunetani</strong></span> <span class='ocrx_word' id='word_1_170' title='bbox 1263 4103 1365 4170; x_wconf 86' lang='lat' dir='ltr'><strong>partes</strong></span> 
     </span>
     <span class='ocr_line' id='line_1_20' title="bbox 48 4184 1365 4273; baseline 0.011 -33"><span class='ocrx_word' id='word_1_171' title='bbox 48 4184 161 4270; x_wconf 84' lang='lat' dir='ltr'><strong>deinceps</strong></span> <span class='ocrx_word' id='word_1_172' title='bbox 183 4205 384 4271; x_wconf 85' lang='lat' dir='ltr'><strong>susceperunt</strong></span> <span class='ocrx_word' id='word_1_173' title='bbox 411 4203 441 4252; x_wconf 91' lang='lat' dir='ltr'><strong>et</strong></span> <span class='ocrx_word' id='word_1_174' title='bbox 467 4213 570 4254; x_wconf 90' lang='lat' dir='ltr'><strong>omnes</strong></span> <span class='ocrx_word' id='word_1_175' title='bbox 598 4194 776 4253; x_wconf 88' lang='lat' dir='ltr'><strong>ineditorum</strong></span> <span class='ocrx_word' id='word_1_176' title='bbox 804 4195 956 4254; x_wconf 90' lang='lat' dir='ltr'><strong>titulorum</strong></span> <span class='ocrx_word' id='word_1_177' title='bbox 984 4196 1085 4273; x_wconf 88' lang='lat' dir='ltr'><strong>copias</strong></span> <span class='ocrx_word' id='word_1_178' title='bbox 1113 4197 1242 4255; x_wconf 88' lang='lat' dir='ltr'><strong>maiores</strong></span> <span class='ocrx_word' id='word_1_179' title='bbox 1270 4197 1365 4255; x_wconf 91' lang='lat' dir='ltr'><strong>mino·</strong></span> 
     </span>
     <span class='ocr_line' id='line_1_21' title="bbox 48 4296 1365 4376; baseline 0.011 -33"><span class='ocrx_word' id='word_1_180' title='bbox 48 4306 114 4350; x_wconf 80' lang='lat' dir='ltr'><strong>resve</strong></span> <span class='ocrx_word' id='word_1_181' title='bbox 138 4307 377 4376; x_wconf 86' lang='lat' dir='ltr'><strong>reportaverunt.</strong></span> <span class='ocrx_word' id='word_1_182' title='bbox 426 4297 461 4354; x_wconf 94' lang='lat' dir='ltr'><strong>In</strong></span> <span class='ocrx_word' id='word_1_183' title='bbox 490 4297 556 4374; x_wconf 89' lang='lat' dir='ltr'><strong>ipso</strong></span> <span class='ocrx_word' id='word_1_184' title='bbox 583 4303 682 4356; x_wconf 87' lang='lat' dir='ltr'><strong>autem</strong></span> <span class='ocrx_word' id='word_1_185' title='bbox 710 4315 801 4374; x_wconf 86' lang='lat' dir='ltr'><strong>regno</strong></span> <span class='ocrx_word' id='word_1_186' title='bbox 824 4297 981 4357; x_wconf 89' lang='lat' dir='ltr'><strong>Tunetano</strong></span> <span class='ocrx_word' id='word_1_187' title='bbox 1003 4297 1142 4357; x_wconf 89' lang='lat' dir='ltr'><strong>Delattre</strong></span> <span class='ocrx_word' id='word_1_188' title='bbox 1169 4299 1309 4358; x_wconf 86' lang='lat' dir='ltr'><strong>stationis</strong></span> <span class='ocrx_word' id='word_1_189' title='bbox 1333 4296 1365 4359; x_wconf 86' lang='lat' dir='ltr'><strong>S.</strong></span> 
     </span>
     <span class='ocr_line' id='line_1_22' title="bbox 48 4387 1366 4476; baseline 0.01 -30"><span class='ocrx_word' id='word_1_190' title='bbox 48 4387 168 4456; x_wconf 76' lang='lat' dir='ltr'><strong>ludovici</strong></span> <span class='ocrx_word' id='word_1_191' title='bbox 190 4401 321 4460; x_wconf 84' lang='lat' dir='ltr'><strong>antistes</strong></span> <span class='ocrx_word' id='word_1_192' title='bbox 344 4419 410 4458; x_wconf 87' lang='lat' dir='ltr'><strong>cum</strong></span> <span class='ocrx_word' id='word_1_193' title='bbox 433 4399 500 4458; x_wconf 87' lang='lat' dir='ltr'><strong>aliis</strong></span> <span class='ocrx_word' id='word_1_194' title='bbox 524 4399 770 4474; x_wconf 86' lang='lat' dir='ltr'><strong>inscriptionibus</strong></span> <span class='ocrx_word' id='word_1_195' title='bbox 785 4400 904 4458; x_wconf 84' lang='lat' dir='ltr'><strong>aliunde</strong></span> <span class='ocrx_word' id='word_1_196' title='bbox 923 4401 1029 4460; x_wconf 82' lang='lat' dir='ltr'><strong>adlatis</strong></span> <span class='ocrx_word' id='word_1_197' title='bbox 1045 4419 1193 4474; x_wconf 89' lang='lat' dir='ltr'><strong>museum,</strong></span> <span class='ocrx_word' id='word_1_198' title='bbox 1215 4402 1262 4459; x_wconf 91' lang='lat' dir='ltr'><strong>cui</strong></span> <span class='ocrx_word' id='word_1_199' title='bbox 1278 4419 1366 4476; x_wconf 88' lang='lat' dir='ltr'><strong>prae·</strong></span> 
     </span>
     <span class='ocr_line' id='line_1_23' title="bbox 49 4501 1367 4580; baseline 0.005 -26"><span class='ocrx_word' id='word_1_200' title='bbox 49 4504 89 4565; x_wconf 72' lang='lat' dir='ltr'><strong>est,</strong></span> <span class='ocrx_word' id='word_1_201' title='bbox 108 4502 196 4574; x_wconf 84' lang='lat' dir='ltr'><strong>auxit,</strong></span> <span class='ocrx_word' id='word_1_202' title='bbox 221 4511 284 4561; x_wconf 90' lang='lat' dir='ltr'><strong>tum</strong></span> <span class='ocrx_word' id='word_1_203' title='bbox 308 4503 439 4560; x_wconf 86' lang='lat' dir='ltr'><strong>maxime</strong></span> <span class='ocrx_word' id='word_1_204' title='bbox 461 4502 576 4560; x_wconf 89' lang='lat' dir='ltr'><strong>duobus</strong></span> <span class='ocrx_word' id='word_1_205' title='bbox 596 4501 729 4559; x_wconf 83' lang='lat' dir='ltr'><strong>familiae</strong></span> <span class='ocrx_word' id='word_1_206' title='bbox 744 4503 951 4578; x_wconf 81' lang='lat' dir='ltr'><strong>imperatoriae</strong></span> <span class='ocrx_word' id='word_1_207' title='bbox 967 4503 1144 4580; x_wconf 83' lang='lat' dir='ltr'><strong>sepulcretis</strong></span> <span class='ocrx_word' id='word_1_208' title='bbox 1160 4504 1190 4561; x_wconf 95' lang='lat' dir='ltr'><strong>in</strong></span> <span class='ocrx_word' id='word_1_209' title='bbox 1206 4521 1279 4579; x_wconf 87' lang='lat' dir='ltr'><strong>agro</strong></span> <span class='ocrx_word' id='word_1_210' title='bbox 1292 4501 1367 4562; x_wconf 85' lang='lat' dir='ltr'><strong>Oar-</strong></span> 
     </span>
     <span class='ocr_line' id='line_1_24' title="bbox 50 4593 1367 4682; baseline 0.005 -26"><span class='ocrx_word' id='word_1_211' title='bbox 50 4593 204 4673; x_wconf 79' lang='lat' dir='ltr'><strong>ihaginiensi</strong></span> <span class='ocrx_word' id='word_1_212' title='bbox 228 4604 353 4664; x_wconf 85' lang='lat' dir='ltr'><strong>effossis</strong></span> <span class='ocrx_word' id='word_1_213' title='bbox 376 4605 413 4663; x_wconf 90' lang='lat' dir='ltr'><strong>de</strong></span> <span class='ocrx_word' id='word_1_214' title='bbox 435 4623 467 4662; x_wconf 88' lang='lat' dir='ltr'><strong>re</strong></span> <span class='ocrx_word' id='word_1_215' title='bbox 489 4603 682 4680; x_wconf 81' lang='lat' dir='ltr'><strong>epigraphica</strong></span> <span class='ocrx_word' id='word_1_216' title='bbox 703 4604 814 4680; x_wconf 89' lang='lat' dir='ltr'><strong>optime</strong></span> <span class='ocrx_word' id='word_1_217' title='bbox 838 4606 951 4664; x_wconf 90' lang='lat' dir='ltr'><strong>meruit.</strong></span> <span class='ocrx_word' id='word_1_218' title='bbox 994 4604 1102 4681; x_wconf 89' lang='lat' dir='ltr'><strong>Neque</strong></span> <span class='ocrx_word' id='word_1_219' title='bbox 1123 4606 1223 4664; x_wconf 90' lang='lat' dir='ltr'><strong>minus</strong></span> <span class='ocrx_word' id='word_1_220' title='bbox 1245 4606 1276 4664; x_wconf 91' lang='lat' dir='ltr'><strong>in</strong></span> <span class='ocrx_word' id='word_1_221' title='bbox 1298 4623 1367 4682; x_wconf 90' lang='lat' dir='ltr'><strong>pro·</strong></span> 
     </span>
     <span class='ocr_line' id='line_1_25' title="bbox 51 4698 1366 4784; baseline 0.011 -32"><span class='ocrx_word' id='word_1_222' title='bbox 51 4698 128 4759; x_wconf 72' lang='lat' dir='ltr'><strong>vincia</strong></span> <span class='ocrx_word' id='word_1_223' title='bbox 142 4705 313 4784; x_wconf 82' lang='lat' dir='ltr'><strong>Algeriensi</strong></span> <span class='ocrx_word' id='word_1_224' title='bbox 334 4707 530 4782; x_wconf 89' lang='lat' dir='ltr'><strong>complurium</strong></span> <span class='ocrx_word' id='word_1_225' title='bbox 554 4705 743 4782; x_wconf 85' lang='lat' dir='ltr'><strong>antiquorum</strong></span> <span class='ocrx_word' id='word_1_226' title='bbox 760 4707 938 4784; x_wconf 90' lang='lat' dir='ltr'><strong>oppidorum</strong></span> <span class='ocrx_word' id='word_1_227' title='bbox 955 4707 1117 4784; x_wconf 89' lang='lat' dir='ltr'><strong>parietinae</strong></span> <span class='ocrx_word' id='word_1_228' title='bbox 1133 4727 1185 4784; x_wconf 92' lang='lat' dir='ltr'><strong>per</strong></span> <span class='ocrx_word' id='word_1_229' title='bbox 1200 4707 1255 4766; x_wconf 91' lang='lat' dir='ltr'><strong>bos</strong></span> <span class='ocrx_word' id='word_1_230' title='bbox 1271 4724 1366 4766; x_wconf 89' lang='lat' dir='ltr'><strong>annos</strong></span> 
     </span>
     <span class='ocr_line' id='line_1_26' title="bbox 51 4807 1366 4886; baseline 0.009 -32"><span class='ocrx_word' id='word_1_231' title='bbox 51 4807 246 4884; x_wconf 77' lang='lat' dir='ltr'><strong>pervestigatae</strong></span> <span class='ocrx_word' id='word_1_232' title='bbox 270 4826 409 4886; x_wconf 81' lang='lat' dir='ltr'><strong>magnam</strong></span> <span class='ocrx_word' id='word_1_233' title='bbox 432 4807 564 4885; x_wconf 89' lang='lat' dir='ltr'><strong>lapidum</strong></span> <span class='ocrx_word' id='word_1_234' title='bbox 583 4809 794 4885; x_wconf 85' lang='lat' dir='ltr'><strong>inscriptorum</strong></span> <span class='ocrx_word' id='word_1_235' title='bbox 812 4811 927 4886; x_wconf 90' lang='lat' dir='ltr'><strong>copiam</strong></span> <span class='ocrx_word' id='word_1_236' title='bbox 944 4809 1116 4868; x_wconf 87' lang='lat' dir='ltr'><strong>attulerunt.</strong></span> <span class='ocrx_word' id='word_1_237' title='bbox 1153 4809 1216 4867; x_wconf 89' lang='lat' dir='ltr'><strong>lam</strong></span> <span class='ocrx_word' id='word_1_238' title='bbox 1234 4826 1303 4867; x_wconf 88' lang='lat' dir='ltr'><strong>vero</strong></span> <span class='ocrx_word' id='word_1_239' title='bbox 1319 4827 1366 4880; x_wconf 89' lang='lat' dir='ltr'><strong>eo,</strong></span> 
     </span>
     <span class='ocr_line' id='line_1_27' title="bbox 51 4890 1367 4988; baseline -0.003 -16"><span class='ocrx_word' id='word_1_240' title='bbox 51 4903 236 4986; x_wconf 62' lang='lat' dir='ltr'><strong>tricorporis</strong></span> <span class='ocrx_word' id='word_1_241' title='bbox 259 4911 453 4971; x_wconf 86' lang='lat' dir='ltr'><strong>fundamenta</strong></span> <span class='ocrx_word' id='word_1_242' title='bbox 477 4911 575 4987; x_wconf 87' lang='lat' dir='ltr'><strong>longis</strong></span> <span class='ocrx_word' id='word_1_243' title='bbox 597 4890 793 4986; x_wconf 80' lang='lat' dir='ltr'><strong>molestiaque</strong></span> <span class='ocrx_word' id='word_1_244' title='bbox 816 4911 971 4971; x_wconf 87' lang='lat' dir='ltr'><strong>itineribus</strong></span> <span class='ocrx_word' id='word_1_245' title='bbox 993 4917 1200 4988; x_wconf 82' lang='lat' dir='ltr'><strong>congesserat,</strong></span> <span class='ocrx_word' id='word_1_246' title='bbox 1231 4908 1367 4969; x_wconf 87' lang='lat' dir='ltr'><strong>Gustavo</strong></span> 
     </span>
     <span class='ocr_line' id='line_1_28' title="bbox 53 4998 1368 5091; baseline 0.008 -34"><span class='ocrx_word' id='word_1_247' title='bbox 53 4998 200 5072; x_wconf 82' lang='lat' dir='ltr'><strong>Wilmanns</strong></span> <span class='ocrx_word' id='word_1_248' title='bbox 222 5021 324 5090; x_wconf 84' lang='lat' dir='ltr'><strong>erepto</strong></span> <span class='ocrx_word' id='word_1_249' title='bbox 347 5020 441 5072; x_wconf 89' lang='lat' dir='ltr'><strong>morte</strong></span> <span class='ocrx_word' id='word_1_250' title='bbox 466 5021 526 5071; x_wconf 85' lang='lat' dir='ltr'><strong>tarn</strong></span> <span class='ocrx_word' id='word_1_251' title='bbox 549 5023 751 5088; x_wconf 84' lang='lat' dir='ltr'><strong>praemature,</strong></span> <span class='ocrx_word' id='word_1_252' title='bbox 774 5022 807 5072; x_wconf 89' lang='lat' dir='ltr'><strong>ut</strong></span> <span class='ocrx_word' id='word_1_253' title='bbox 829 5033 866 5072; x_wconf 91' lang='lat' dir='ltr'><strong>ne</strong></span> <span class='ocrx_word' id='word_1_254' title='bbox 888 5015 984 5091; x_wconf 85' lang='lat' dir='ltr'><strong>ipsum</strong></span> <span class='ocrx_word' id='word_1_255' title='bbox 1008 5014 1126 5090; x_wconf 90' lang='lat' dir='ltr'><strong>quidem</strong></span> <span class='ocrx_word' id='word_1_256' title='bbox 1146 5012 1221 5070; x_wconf 92' lang='lat' dir='ltr'><strong>illud</strong></span> <span class='ocrx_word' id='word_1_257' title='bbox 1236 5029 1313 5089; x_wconf 87' lang='lat' dir='ltr'><strong>opus</strong></span> <span class='ocrx_word' id='word_1_258' title='bbox 1329 5011 1368 5069; x_wconf 84' lang='lat' dir='ltr'><strong>sd</strong></span> 
     </span>
     <span class='ocr_line' id='line_1_29' title="bbox 54 5101 1367 5193; baseline 0.011 -37"><span class='ocrx_word' id='word_1_259' title='bbox 54 5101 125 5166; x_wconf 85' lang='lat' dir='ltr'><strong>luem</strong></span> <span class='ocrx_word' id='word_1_260' title='bbox 145 5115 303 5188; x_wconf 89' lang='lat' dir='ltr'><strong>perducere</strong></span> <span class='ocrx_word' id='word_1_261' title='bbox 326 5116 469 5191; x_wconf 88' lang='lat' dir='ltr'><strong>potuerit,</strong></span> <span class='ocrx_word' id='word_1_262' title='bbox 501 5115 699 5193; x_wconf 89' lang='lat' dir='ltr'><strong>supplementi</strong></span> <span class='ocrx_word' id='word_1_263' title='bbox 723 5115 899 5176; x_wconf 87' lang='lat' dir='ltr'><strong>conficiendi</strong></span> <span class='ocrx_word' id='word_1_264' title='bbox 922 5135 994 5174; x_wconf 87' lang='lat' dir='ltr'><strong>curs</strong></span> <span class='ocrx_word' id='word_1_265' title='bbox 1023 5116 1093 5174; x_wconf 91' lang='lat' dir='ltr'><strong>mibi</strong></span> <span class='ocrx_word' id='word_1_266' title='bbox 1121 5114 1283 5173; x_wconf 89' lang='lat' dir='ltr'><strong>commissa</strong></span> <span class='ocrx_word' id='word_1_267' title='bbox 1312 5121 1367 5170; x_wconf 86' lang='lat' dir='ltr'><strong>est.</strong></span> 
     </span>
     <span class='ocr_line' id='line_1_30' title="bbox 56 5200 1369 5302; baseline 0 -29"><span class='ocrx_word' id='word_1_268' title='bbox 56 5200 142 5284; x_wconf 64' lang='lat' dir='ltr'><strong>ltaque</strong></span> <span class='ocrx_word' id='word_1_269' title='bbox 163 5215 255 5302; x_wconf 84' lang='lat' dir='ltr'><strong>hieme</strong></span> <span class='ocrx_word' id='word_1_270' title='bbox 277 5219 419 5296; x_wconf 83' lang='lat' dir='ltr'><strong>proxima</strong></span> <span class='ocrx_word' id='word_1_271' title='bbox 441 5217 483 5294; x_wconf 88' lang='lat' dir='ltr'><strong>(a.</strong></span> <span class='ocrx_word' id='word_1_272' title='bbox 503 5216 628 5294; x_wconf 65' lang='lat'>188213)</span> <span class='ocrx_word' id='word_1_273' title='bbox 650 5219 680 5276; x_wconf 93' lang='lat' dir='ltr'><strong>in</strong></span> <span class='ocrx_word' id='word_1_274' title='bbox 703 5218 836 5277; x_wconf 82' lang='lat' dir='ltr'><strong>Africam</strong></span> <span class='ocrx_word' id='word_1_275' title='bbox 859 5218 1010 5293; x_wconf 88' lang='lat' dir='ltr'><strong>profectus</strong></span> <span class='ocrx_word' id='word_1_276' title='bbox 1040 5237 1058 5274; x_wconf 85' lang='lat' dir='ltr'><strong>a</strong></span> <span class='ocrx_word' id='word_1_277' title='bbox 1080 5216 1197 5275; x_wconf 88' lang='lat' dir='ltr'><strong>Tunete</strong></span> <span class='ocrx_word' id='word_1_278' title='bbox 1225 5217 1262 5274; x_wconf 90' lang='lat' dir='ltr'><strong>ad</strong></span> <span class='ocrx_word' id='word_1_279' title='bbox 1286 5213 1369 5274; x_wconf 91' lang='lat' dir='ltr'><strong>Oran</strong></span> 
     </span>
     <span class='ocr_line' id='line_1_31' title="bbox 58 5312 1369 5398; baseline 0.004 -28"><span class='ocrx_word' id='word_1_280' title='bbox 58 5312 178 5384; x_wconf 78' lang='lat' dir='ltr'><strong>oppidum</strong></span> <span class='ocrx_word' id='word_1_281' title='bbox 206 5321 383 5380; x_wconf 89' lang='lat' dir='ltr'><strong>continentis</strong></span> <span class='ocrx_word' id='word_1_282' title='bbox 415 5321 480 5378; x_wconf 87' lang='lat' dir='ltr'><strong>eius</strong></span> <span class='ocrx_word' id='word_1_283' title='bbox 506 5321 644 5397; x_wconf 81' lang='lat' dir='ltr'><strong>regiones</strong></span> <span class='ocrx_word' id='word_1_284' title='bbox 671 5321 935 5396; x_wconf 88' lang='lat' dir='ltr'><strong>septentrionales,</strong></span> <span class='ocrx_word' id='word_1_285' title='bbox 972 5318 1073 5396; x_wconf 83' lang='lat' dir='ltr'><strong>quoad</strong></span> <span class='ocrx_word' id='word_1_286' title='bbox 1099 5328 1217 5398; x_wconf 89' lang='lat' dir='ltr'><strong>tempus</strong></span> <span class='ocrx_word' id='word_1_287' title='bbox 1243 5317 1369 5392; x_wconf 81' lang='lat' dir='ltr'><strong>suffecit,</strong></span> 
     </span>
    </p>
   </div>
   <div class='ocr_carea' id='block_1_4' title="bbox 124 5431 1141 5500">
    <p class='ocr_par' dir='ltr' id='par_1_4' title="bbox 124 5431 1141 5500">
     <span class='ocr_line' id='line_1_32' title="bbox 124 5431 1141 5500; baseline 0.011 -11"><span class='ocrx_word' id='word_1_288' title='bbox 124 5431 156 5492; x_wconf 79' lang='lat' dir='ltr'><strong>V.</strong></span> <span class='ocrx_word' id='word_1_289' title='bbox 1105 5441 1141 5500; x_wconf 83' lang='lat'><strong>18</strong></span> 
     </span>
    </p>
   </div>
   <div class='ocr_carea' id='block_1_5' title="bbox 0 0 1710 5924">
    <p class='ocr_par' dir='ltr' id='par_1_5' title="bbox 0 0 1710 5924">
     <span class='ocr_line' id='line_1_33' title="bbox 0 0 1710 5924; baseline 0 0"><span class='ocrx_word' id='word_1_290' title='bbox 0 0 1710 5924; x_wconf 95' lang='lat' dir='ltr'><strong> </strong></span> 
     </span>
    </p>
   </div>
  </div>
 </body>
</html>
