3444 5932
435 593 1036 652 onsnnvarrormsumonsrfflosn.
1332 561 1403 642 143

99 771 190 829 militis
208 787 263 828 nou
285 771 412 829 solvitur
434 771 490 828 nisi
513 771 670 842 missione,
699 770 784 828 miles
804 769 903 828 factus
925 767 1129 828 coniuratione
1151 765 1276 824 solvitur
1297 763 1405 822 militia

98 873 152 948 ipso
175 873 234 930 iure
258 872 387 930 tumultu
407 873 501 931 linito.
545 871 643 931 iussis
666 871 794 930 militare
820 871 866 930 his
889 875 1081 947 opponuntur
1101 868 1152 943 qni
1178 885 1262 925 arma
1283 865 1406 940 capiunt

98 974 190 1048 rogati,
215 974 327 1032 scilicet
347 975 379 1032 in
401 973 510 1033 subitis
532 973 673 1050 periculis
695 971 747 1049 qui
768 983 942 1043 evocantur,
971 971 1002 1028 id
1024 979 1070 1029 cst
1091 969 1130 1026 ad
1156 987 1239 1026 arma
1260 973 1404 1025 vocantur

96 1077 182 1132 scire
201 1076 245 1132 cui
266 1075 386 1134 animus
407 1085 453 1134 est
473 1082 503 1133 et
523 1075 725 1150 auctoritas1)
750 1075 847 1132 verbis
869 1069 930 1149 ‘qni
952 1092 1014 1131 rem
1034 1071 1184 1149 publicem
1204 1070 1320 1128 salvam
1336 1085 1404 1127 esse

96 1176 172 1234 velint
190 1193 220 1234 se
240 1171 422 1252 sequautur’.
459 1175 544 1235 Haec
566 1177 759 1234 fundamenta
780 1185 813 1234 ut
834 1193 887 1250 per
906 1175 1048 1232 universa
1068 1174 1179 1231 liberae
1200 1172 1243 1229 rei
1266 1171 1403 1248 publicae

95 1287 209 1354 umporu
233 1277 433 1353 aequabiliter
457 1285 646 1350 manserunt,
678 1277 721 1334 ita
747 1277 853 1335 militia
879 1285 997 1352 rogatu,
1030 1275 1102 1333 olim
1135 1274 1270 1351 angustis
1295 1273 1403 1330 finibus

95 1377 292 1454 circumscripta
318 1388 351 1436 et
376 1379 539 1455 aliquando
565 1379 695 1436 fortasse
725 1395 785 1436 non
812 1378 946 1436 admissa
973 1377 1031 1436 nisi
1057 1385 1191 1434 extrema
1216 1375 1403 1444 necessitate,

94 1481 235 1555 posteriore
256 1488 394 1557 tempore
415 1499 452 1540 eo
474 1481 663 1556 potissimum
686 1481 789 1552 crevit,
811 1479 890 1556 quod
912 1487 1075 1556 coeperunt
1095 1479 1184 1536 duces
1208 1497 1267 1536 uon
1287 1486 1346 1534 tum
1363 1495 1401 1534 ex

94 1598 167 1638 causa
185 1583 310 1658 publica,
334 1601 425 1658 quam
448 1583 565 1658 privato
587 1583 706 1642 nomine
728 1582 766 1640 ad
789 1581 925 1640 militiam
948 1580 1086 1651 invitare,
1110 1588 1142 1636 ut
1164 1579 1251 1637 modo
1267 1578 1402 1636 uomina-

94 1683 133 1738 tin
152 1683 254 1742 amicos
275 1692 307 1744 et
329 1684 518 1742 necessarios
540 1683 766 1760 compellarent,
798 1683 886 1740 modo
909 1700 962 1758 per
983 1680 1111 1740 edietum
1138 1687 1220 1738 certa
1247 1680 1401 1738 hominum

95 1799 192 1856 genera,
214 1785 346 1844 maxime
368 1787 420 1860 qui
443 1783 523 1862 apud
544 1801 577 1842 se
600 1784 729 1842 aliumve
752 1783 808 1842 sibi
830 1783 1020 1842 coniunctum
1042 1781 1146 1840 ducem
1169 1791 1258 1840 antea
1279 1781 1401 1839 mernis-

95 1893 152 1954 sent,
171 1885 205 1942 sd
226 1887 367 1945 militiam
390 1885 591 1962 recipiendam
613 1895 762 1944 vocarent.
799 1885 848 1944 Ex
871 1903 907 1943 eo
929 1901 1037 1960 genere
1059 1884 1185 1942 militnm
1208 1893 1240 1942 nt
1254 1903 1308 1960 per
1323 1883 1402 1942 bella

97 1985 172 2044 cirilla
190 2005 300 2065 magna
322 2007 363 2047 ex
385 1999 470 2063 parte
491 1989 641 2046 exercitus
663 1988 793 2046 omnium
815 1987 945 2063 partium
967 1985 1119 2044 constituti
1143 1993 1227 2058 sunt,
1252 1986 1295 2043 ita
1321 1986 1400 2062 priu-

100 2087 168 2160 cipatu
189 2090 329 2148 instituto
352 2090 499 2149 eiusmodi
521 2089 711 2148 evocationes
733 2088 938 2147 exoleverunt.
976 2087 1131 2146 Vetustam
1148 2087 1254 2163 legem,
1276 2104 1354 2162 quae
1370 2093 1402 2143 ut

103 2185 200 2246 iteret
224 2192 395 2266 periculum
422 2191 575 2267 publicum
602 2189 807 2248 tantummodo
833 2189 1019 2265 requirebat,
1047 2207 1111 2246 cum
1138 2189 1206 2264 ipsa
1230 2187 1325 2246 libera
1351 2205 1399 2246 res

99 2287 185 2360 publica
204 2293 428 2367 quodammodo
450 2292 637 2361 sustulisset,
664 2291 769 2350 militia
790 2292 908 2368 privato
930 2299 1054 2367 rogante
1076 2299 1215 2367 suscepte
1241 2289 1297 2348 snb
1319 2289 1400 2366 prin-

96 2389 167 2464 eipatn
189 2395 272 2452 nullo
299 2395 393 2452 modo
425 2411 545 2452 manere
573 2393 686 2469 potuit;
719 2393 833 2452 seilicet
865 2393 916 2468 qui
949 2412 1014 2450 eum
1042 2391 1179 2450 fundavit
1204 2392 1260 2449 etsi
1286 2392 1399 2467 primas

94 2488 206 2566 legiones,
226 2497 342 2572 quibus
364 2495 541 2572 praefuerat,
563 2495 620 2552 boc
641 2495 708 2570 ipso
730 2495 817 2571 quasi
837 2494 900 2552 inre
915 2493 1049 2571 privatus
1065 2501 1254 2570 compararat
1267 2492 1399 2551 evocatis

94 2596 211 2654 vetraria
232 2597 382 2674 paternis,
403 2597 551 2655 eominus
573 2596 743 2673 permittere
761 2597 859 2670 potnit
880 2595 911 2653 id
933 2595 1031 2672 ipsum
1056 2595 1106 2654 alii
1121 2605 1155 2654 ut
1167 2595 1306 2654 lucerent.
1340 2593 1399 2651 Po·

93 2694 132 2751 tuit
149 2713 212 2756 saue
233 2700 380 2776 princeps
402 2699 482 2758 cives
505 2709 537 2756 nt
557 2699 658 2758 iubere
681 2697 822 2768 militare,
850 2697 892 2755 itu
918 2713 1037 2773 rogare,
1066 2704 1097 2755 et
1118 2715 1185 2754 vere
1212 2698 1401 2773 reperiuntur

92 2794 135 2853 duo
152 2799 239 2858 triave
260 2799 406 2876 exempla
426 2800 634 2860 invitationum
657 2799 720 2858 eius
742 2802 860 2875 generis
883 2799 919 2856 ad
938 2799 1048 2856 milites
1070 2797 1120 2873 qui
1143 2797 1272 2856 inissent
1286 2817 1305 2854 a
1318 2797 1398 2873 prin·

91 2897 139 2972 tipe
165 2899 400 2978 dercetarumi).
450 2899 510 2961 Sed
543 2902 696 2960 rarissime
728 2900 758 2956 id
791 2900 900 2958 factum
935 2909 981 2958 est
1013 2917 1080 2957 cum
1113 2899 1151 2958 ob
1185 2899 1260 2959 alias
1292 2917 1399 2958 causas

90 3007 135 3057 tum
152 3001 273 3063 smtasse
297 3003 380 3080 qnod
401 3003 564 3062 secundum
587 3003 739 3080 antiquam
761 3002 1005 3060 consuetudinem
1027 3001 1144 3060 evocati
1167 3002 1209 3059 ita
1230 3001 1268 3059 sd
1283 3009 1396 3059 certum

90 3115 175 3178 corpus
194 3105 288 3183 redigi
313 3119 373 3162 non
396 3113 556 3182 potueruut
576 3123 672 3181 neque
694 3103 825 3180 legiones
848 3103 1025 3183 cohortesve
1047 3123 1101 3181 per
1114 3103 1317 3162 evocationem
1333 3101 1395 3159 ullo

90 3233 267 3253 *Q—

132 3316 153 3383 ¹)
169 3321 336 3387 Magistratus
354 3329 383 3372 ut
400 3323 433 3372 sit
451 3323 507 3373 iure
527 3337 581 3373 nou
603 3322 753 3388 requiritur,
779 3323 859 3372 immo
878 3322 1040 3387 magistratus
1063 3322 1107 3372 ubi
1126 3323 1244 3372 similiter
1266 3321 1300 3371 ad
1324 3336 1396 3370 arma

88 3416 150 3470 ittet
168 3413 317 3481 plerumque
335 3415 479 3464 evocationi
498 3415 660 3464 substituitur
679 3414 809 3464 tumultus.
846 3415 912 3464 Inde
931 3415 1042 3464 maxims
1061 3413 1168 3479 pendet,
1188 3415 1257 3478 quod
1276 3419 1395 3462 evocatus

87 3497 161 3552 dicitur
177 3521 226 3556 uon
243 3508 322 3558 miles
341 3521 410 3568 esse,
435 3505 480 3556 sed
499 3521 547 3570 pro
567 3506 658 3555 milite.
695 3505 726 3556 In
746 3506 853 3569 pristina
872 3508 1022 3556 evocatione
1041 3505 1218 3556 iusiurandum
1238 3505 1336 3556 nullum
1355 3519 1395 3553 re-

88 3593 139 3652 lfllrl
160 3612 189 3648 cx
212 3599 252 3649 his
279 3599 423 3663 colligitur;
454 3613 485 3646 eo
509 3613 611 3662 quoque
635 3598 740 3648 nomine
763 3599 861 3648 evocati
886 3613 901 3648 u
924 3599 1034 3648 militare
1058 3597 1134 3647 iussis
1159 3596 1295 3658 differunt,
1325 3596 1394 3659 quod

88 3683 166 3736 nullum
182 3689 212 3738 iis
229 3691 271 3740 ius
292 3697 331 3740 est
356 3691 383 3739 in
407 3689 563 3754 stipendium
588 3697 684 3739 certum
710 3704 793 3754 neque
816 3690 844 3738 in
868 3690 969 3754 legione
993 3691 1032 3739 rel
1057 3689 1163 3738 cohorte
1186 3689 1273 3752 eliqua
1296 3693 1395 3736 merent

87 3787 152 3840 utque
168 3787 247 3831 certos
267 3782 347 3832 duces
366 3781 470 3830 habent.
503 3781 665 3845 Stipendium
686 3788 772 3831 tamen
791 3787 865 3830 entra
877 3781 996 3830 ordinem
1010 3782 1065 3830 siue
1079 3779 1158 3830 dubio
1171 3794 1272 3844 semper
1290 3793 1393 3842 accepe-

87 3872 132 3914 runt
147 3869 217 3935 idque
235 3887 316 3937 saepe
334 3880 445 3935 nucmru,
465 3888 549 3938 neque
564 3873 733 3938 improbabile
746 3873 823 3922 etiam
837 3873 1012 3922 iusiurandum
1029 3873 1061 3922 ab
1075 3874 1107 3922 iis
1120 3871 1261 3936 aliquando
1274 3877 1392 3920 enachim

86 3969 129 4006 esee
146 3962 243 4015 iubente
262 3967 301 4014 its
318 3967 483 4031 imperatore.

129 4048 150 4110 ²)
167 4055 195 4105 lu
213 4058 331 4107 exercitu
348 4057 449 4108 Tiberii
469 4073 493 4108 a.
508 4057 560 4107 759
581 4057 648 4107 ballo
668 4057 805 4108 Pannonio
825 4063 972 4106 meruerunt
990 4055 1065 4121 plura
1091 4070 1167 4120 quam
1186 4055 1275 4106 decem
1295 4061 1392 4104 vetera·

87 4153 158 4193 norum
175 4149 253 4210 milia,
273 4148 367 4213 quibus
385 4164 443 4199 curu
462 4155 626 4214 opponantur
644 4156 670 4198 et
687 4149 802 4214 legiones
821 4149 877 4198 alae
896 4148 1016 4198 cohortes
1033 4155 1059 4198 et
1076 4147 1223 4210 voluntarii,
1243 4149 1298 4198 siue
1313 4147 1392 4196 dnbio

87 4229 242 4301 intelleguntur
261 4241 370 4290 evocati.
396 4264 430 4276 -
456 4241 579 4290 Claudius
599 4241 668 4305 quod
693 4240 727 4289 ad
751 4239 846 4290 bellum
866 4240 1044 4290 Britannicum
1068 4247 1151 4289 certos
1174 4241 1243 4290 viros
1267 4239 1391 4299 evocavit,

86 4327 107 4369 tl
121 4327 235 4381 tribunum
254 4332 365 4382 militum
379 4333 577 4382 Aventiceusem
597 4333 673 4382 inser.
693 4331 769 4382 Helv.
785 4333 849 4393 179,
875 4332 984 4382 sortasse
1002 4331 1063 4380 iecit
1082 4331 1214 4381 aemulans
1238 4332 1335 4382 liberae
1354 4331 1391 4380 rei

86 4415 181 4475 lubliuae
198 4425 419 4474 consuetudinem.
440 4449 474 4459 —
498 4423 682 4474 Praetutianus
700 4423 835 4474 aVitellio
855 4424 947 4472 missos
961 4425 1136 4488 Vespasianus
1155 4424 1273 4473 invitavit
1291 4423 1325 4472 ud
1344 4423 1391 4472 mi-

86 4505 150 4559 litium
165 4516 356 4580 reciperandum
381 4515 496 4578 (Tacitus
515 4515 574 4566 hist.
594 4517 624 4577 2,
646 4515 690 4576 82)
716 4522 741 4564 et
760 4521 831 4564 extat
848 4515 936 4564 timim
955 4515 1032 4565 unius
1053 4529 1142 4564 eorum
1166 4515 1278 4565 urbanus
1298 4514 1327 4564 C.
1343 4514 1390 4574 VI,

86 4596 141 4650 ²725
153 4600 199 4670 (egi
217 4607 250 4656 de
266 4623 299 4656 eo
309 4608 398 4658 Herm.
412 4610 445 4658 14
463 4623 489 4672 p.
501 4605 556 4671 32),
571 4607 615 4671 qui
628 4615 763 4672 postquam
775 4607 868 4656 missus
881 4613 919 4656 est
933 4605 1041 4657 honesta
1054 4607 1175 4657 missione
1188 4623 1221 4656 ex
1234 4606 1339 4656 cohorte
1349 4605 1391 4654 IX

86 4697 193 4749 Plattoria
208 4698 363 4760 recedatur)
383 4706 420 4749 eat
437 4697 470 4748 ol>
488 4698 667 4766 imp(eratore).
689 4725 722 4736 —
743 4698 862 4762 Denique
881 4699 1001 4762 Lugduni
1011 4705 1084 4748 extat
1096 4699 1184 4748 titulus
1203 4697 1292 4760 (Orell.
1308 4697 1389 4757 3580)

85 4787 169 4836 eundi
181 4791 282 4852 munli,
302 4797 331 4840 ut
343 4797 412 4840 reete
424 4791 461 4840 ait
474 4789 633 4842 Schmidtius
652 4807 677 4854 p.
692 4789 754 4852 331,
773 4791 886 4840 veterani
899 4791 1008 4855 legionis
1021 4791 1112 4852 XXII,
1129 4791 1171 4855 qui
1185 4789 1274 4838 missus
1286 4785 1390 4837 honesto

85 4872 188 4941 nissum,
211 4883 304 4932 eostm
326 4883 393 4932 inter
411 4888 505 4933 ceteros
523 4889 701 4933 cenomanos
725 4897 783 4931 suos
806 4882 932 4932 reuocatus
956 4879 1019 4932 bello
1042 4881 1186 4946 interjectu
1204 4879 1274 4931 odiit.
1318 4880 1389 4930 llaec

86 4968 155 5016 onnia
170 4973 200 5022 ad
217 4981 338 5024 evocatos
358 4975 469 5038 Augusti
489 4974 558 5024 nullo
579 4974 656 5023 modo
676 4974 804 5039 pertinere
823 4979 849 5022 et
867 4987 914 5037 per
936 4988 964 5024 se
987 4981 1059 5038 patet
1083 4981 1109 5023 et
1131 4973 1191 5023 iude
1214 4971 1388 5034 confirmatur,

88 5058 140 5116 qued
155 5063 177 5112 iu
195 5065 267 5115 titulo
287 5067 366 5116 modo
386 5067 464 5116 citato
483 5066 582 5116 urbano
601 5067 730 5116 revocatio
747 5066 811 5115 hacc
829 5066 856 5114 iu
871 5072 954 5115 eastra
966 5073 992 5116 et
1005 5067 1120 5116 evocatio
1133 5064 1238 5129 propria
1251 5063 1288 5114 sic
1301 5063 1388 5127 appel·

87 5143 127 5197 ΙΨ
141 5166 184 5205 uus
201 5159 366 5208 nominantur
382 5166 514 5222 tamquam
530 5157 656 5208 diversae.
676 5181 710 5192 -
730 5157 837 5208 Evocati
851 5157 951 5209 Galbae
965 5156 1047 5218 (Suet.
1061 5173 1082 5206 e.
1096 5156 1139 5217 10)
1153 5156 1193 5204 sui
1207 5162 1304 5206 tantum
1317 5155 1388 5204 simi-

88 5235 115 5286 les
129 5253 184 5296 suut.
