3332 5932
303 556 377 626 408
738 572 1013 626 ADDITAMENTA
1039 571 1125 624 voa.
1140 572 1208 624 viu
1508 571 1608 621 rot-rat

304 745 373 808 tot
401 749 431 807 in
453 746 553 826 lapide
575 746 637 806 alto
660 766 698 806 m.
717 745 796 820 1,09,
819 745 881 806 lato
896 746 983 819 o‚3t;
1005 765 1067 824 rep.
1091 699 1251 806 Lambaesi
1272 745 1303 804 in
1324 745 1400 803 foro.

867 971 1070 1015 PROViDEN

865 1073 1071 1116 Tisstuost·

866 1177 944 1220 CVM
974 1176 1072 1219 ORBE

866 1279 948 1322 SVO
990 1279 1072 1321 ΚΗ)

869 1382 950 1424 Di'l'A
973 1382 1073 1424 LIBER

866 1484 974 1526 ΤΑΤΕ
1012 1484 1071 1524 TRi

867 1585 1073 1628 VMFANTI

867 1687 1073 1730 nutaretur

867 1790 914 1833 CAi
942 1788 1073 1832 VALERIO

870 1890 1075 1936 constitutis

868 1993 1074 2038 CAESARIS

869 2094 1075 2140 iNVICTO

869 2199 884 2240 P
927 2199 943 2240 F
985 2198 1075 2240 AVG

870 2299 1076 2344 VICTORI

802 2411 827 2449 lb
871 2401 1076 2444 RESP·C·1.

309 2609 419 2669 Poulle
440 2627 495 2668 rec.
519 2611 554 2668 dc
577 2607 672 2667 Cenat.
692 2605 787 2665 XXII
807 2626 836 2684 p.
854 2603 914 2665 396
937 2624 965 2664 n.
986 2605 1053 2664 159.

350 2711 498 2771 9.10.11
524 2721 576 2771 aut
597 2710 674 2770 male
698 2709 816 2785 excepti
840 2716 909 2767 sunt
930 2716 983 2766 aut
1004 2708 1127 2784 antiqua
1149 2715 1246 2768 aetate
1268 2707 1459 2786 interpolati.
1538 2737 1541 2742 ·

310 3136 381 3199 '166
403 3136 565 3198 Lambatai
586 3137 618 3196 iu
639 3134 704 3194 foro
726 3155 789 3214 rep.

775 3427 905 3504 (Tectum
927 3429 991 3488 aide
1007 3447 1079 3506 paq.
1103 3427 1175 3504 seq.)
1239 3450 1244 3460 ·

351 3715 471 3778 Nomen
491 3716 528 3776 L.
545 3713 628 3776 Silici
651 3717 723 3777 Rufi
744 3719 771 3776 si
794 3726 872 3776 recte
895 3737 988 3795 supra
1009 3737 1038 3776 n.
1052 3717 1111 3777 749
1134 3718 1263 3788 restitui,
1286 3735 1364 3794 quae
1386 3717 1435 3776 bic
1459 3737 1507 3777 vv.
1524 3715 1540 3773 9
1560 3730 1619 3786 seqq·

309 3821 520 3897 praedicantur
542 3819 683 3878 decuria
705 3820 750 3878 vel
772 3821 885 3898 templo
911 3821 1023 3879 ordinis
1052 3819 1102 3894 (cf.
1126 3838 1218 3896 supra
1240 3840 1267 3878 n.
1285 3819 1345 3878 279
1369 3839 1396 3879 v.
1413 3818 1455 3876 90
1484 3816 1620 3877 ordinicin

310 3923 424 3998 templo)
456 3923 486 3979 in
514 3921 667 3982 meliorem
695 3930 805 3981 statum
831 3923 1007 3993 reformato,
1040 3917 1197 3980 referenda
1223 3929 1293 3980 sunt
1323 3921 1362 3979 ad
1388 3921 1533 3999 templum
1561 3913 1620 3993 quod

308 4025 462 4101 hucusque
483 4023 637 4084 dicebatur
658 4022 755 4096 Iovis,
782 4023 942 4084 restaurari
966 4033 1103 4101 coeptum
1125 4025 1358 4100 imperatoribus
1382 4021 1584 4083 Valentiniano
1600 4025 1620 4073 d

311 4124 449 4199 Valente,
472 4126 525 4184 sed
544 4126 672 4202 posthac
689 4127 902 4186 continuatum.
938 4123 994 4184 cui
1010 4128 1144 4204 opinioni
1160 4125 1374 4186 adminiculum
1390 4125 1460 4186 iude
1475 4121 1620 4188 succrescit,

311 4228 390 4304 quod
417 4228 535 4301 titulus,
568 4229 619 4306 qui
646 4229 756 4307 prioris
782 4228 1010 4288 restaurationis
1036 4237 1159 4288 curante
1181 4227 1313 4289 Variana
1343 4229 1443 4288 iactae
1474 4225 1621 4290 memoriam

312 4339 413 4390 servat
434 4328 476 4405 (u.
493 4329 580 4408 729),
601 4330 679 4410 pilae
701 4337 817 4391 tautum
838 4331 1002 4410 inscriptus
1024 4339 1070 4391 est
1084 4331 1193 4391 litteris
1214 4330 1348 4409 parvulis
1368 4339 1398 4390 et
1411 4332 1516 4392 leviter
1529 4325 1621 4393 incisis,

311 4444 416 4494 contra
437 4432 512 4492 alter
539 4431 634 4509 [RuJu
656 4434 694 4492 ad
716 4435 816 4511 operis
839 4434 1050 4512 perfectionem
1072 4443 1103 4493 et
1124 4433 1341 4494 dedicationem
1365 4435 1514 4512 pertinens
1534 4425 1621 4491 litteris

312 4536 454 4596 maximis
475 4537 507 4595 in
529 4535 677 4614 epistyliis
699 4537 829 4612 scriptus
856 4538 1040 4596 cernebatur.
1088 4537 1191 4615 Atque
1216 4537 1276 4597 illis
1303 4539 1485 4614 temporibus
1510 4531 1620 4612 profem

312 4657 372 4698 non
394 4645 478 4698 erant
499 4637 585 4698 multi
606 4639 688 4698 cives
702 4637 936 4714 Lambaesitani,
958 4639 1008 4717 qui
1031 4639 1084 4698 tali
1106 4639 1190 4716 operi
1205 4639 1268 4700 suis
1285 4640 1452 4717 sumptibus
1466 4630 1620 4718 perficiendo

313 4741 495 4814 sufficerent,
518 4748 552 4800 nt
572 4739 644 4801 fecit
663 4740 700 4802 L.
723 4738 845 4802 Silicius
867 4740 974 4802 Rufus.
1024 4739 1089 4802 Nec
1111 4751 1240 4815 restant,
1263 4743 1343 4819 quod
1365 4744 1473 4815 sciam,
1492 4741 1562 4800 aliae
1580 4751 1620 4810 ps-

312 4843 451 4916 rietinae‚
484 4861 560 4921 quas
587 4843 626 4901 ad
651 4843 763 4902 curiam
789 4845 846 4903 hac
872 4853 969 4904 aetate
996 4851 1190 4926 exstructam·
1205 4853 1273 4922 apte
1299 4846 1471 4906 referamus.
1518 4840 1619 4901 Curiam

314 4965 385 5005 vero
406 4947 521 5006 ordinis
543 4946 611 5006 istis
634 4945 699 5006 deis
721 4957 923 5007 consecratam
945 4947 1038 5007 fuisse
1057 4966 1117 5006 nou
1132 4948 1224 5008 estin
1240 4967 1300 5025 quo
1316 4947 1502 5008 offendamus.
1537 4941 1619 5000 Etim

314 5047 443 5108 honores
466 5048 516 5126 qui
537 5047 619 5108 Rufo
640 5049 842 5109 attribuuntur
869 5051 898 5107 in
921 5051 979 5109 boo
1001 5050 1087 5109 titulo
1110 5059 1141 5108 et
1162 5068 1254 5128 supra
1274 5051 1304 5110 in
1333 5071 1361 5109 n.
1381 5051 1453 5124 749,
1477 5051 1545 5107 bene
1564 5058 1619 5100 cou-

315 5151 437 5209 veniunt
458 5169 525 5211 cum
548 5151 719 5211 coniectura
741 5171 759 5210 a
781 5153 866 5212 nobis
888 5153 1045 5229 proposita
1067 5154 1097 5210 iu
1119 5163 1246 5230 utroque
1267 5153 1486 5212 commemorari
1510 5143 1616 5205 eundem

313 5251 474 5325 bominem,
496 5263 527 5311 et
547 5253 631 5312 iilum
656 5262 757 5326 antea,
779 5254 857 5314 bunc
879 5255 1031 5332 aliquanto
1054 5265 1124 5334 post
1145 5257 1275 5333 positum
1296 5273 1373 5315 esse.
