3348 5926
376 612 675 667 OBSERVATIONES
702 613 984 666 EPIGRAPHICAE.
1280 593 1351 666 633

45 792 91 841 tarn
115 785 212 860 luisse,
240 787 443 846 verisimiliter
465 785 566 847 Cirtae
594 788 632 846 ad
661 789 791 846 tribunal
818 788 983 866 praesidis,
1011 787 1081 846 inde
1109 797 1230 846 curante
1253 787 1357 846 ordine

44 885 275 964 Thamugadensi,
298 891 362 950 sive
384 892 468 949 iussu
489 891 638 968 praesidis
659 891 721 950 sive
737 891 856 950 decreto
871 891 1015 968 ipsorum,
1038 891 1112 948 haec
1127 889 1275 964 descripta
1290 907 1357 948 esse

42 997 65 1044 et
79 988 254 1068 Thamugadi
277 993 307 1049 in
330 992 396 1051 soro
418 994 581 1070 proposita.
619 991 754 1066 Quodsi
778 993 907 1068 quaeris,
931 993 969 1051 ad
984 992 1065 1068 quod
1080 1009 1174 1068 genus
1189 991 1356 1050 iussionum

41 1089 101 1146 laec
126 1094 283 1166 pertineat,
318 1095 391 1152 mihi
425 1095 540 1152 videtur
570 1095 673 1153 edictis
706 1097 932 1172 magistratuum
962 1093 1151 1153 adnumerari
1176 1094 1284 1152 debere
1310 1093 1359 1152 vel

41 1200 105 1248 certe
136 1194 171 1250 ad
204 1213 240 1252 ea
272 1196 408 1270 proxime
440 1196 588 1255 accedere.
653 1195 732 1254 Nam
765 1205 797 1253 ut
830 1197 967 1256 solebant
1006 1197 1129 1254 meliore
1166 1203 1277 1267 aetate,
1314 1195 1357 1253 ita

41 1291 140 1351 labente
166 1315 283 1372 quoque
306 1299 515 1376 magistratus,
541 1299 671 1356 maxime
698 1308 857 1374 antequam
885 1299 1007 1370 inirent,
1036 1298 1073 1357 de
1099 1297 1358 1356 administratione

40 1393 155 1453 edixisse
187 1399 373 1476 intellegitur
400 1419 438 1459 ex
466 1401 531 1478 lege
558 1400 720 1458 Iustiniani
750 1419 824 1478 quae
852 1401 1015 1477 epitomata
1038 1399 1215 1476 superestl)
1245 1420 1252 1456 τ
1277 1399 1300 1456 οἱ
1321 1390 1358 1454 τοὶ

41 1487 211 1572 διατάγματα
237 1493 396 1570 κομίζοντες
423 1503 479 1559 τοῖν
505 1491 664 1570 μελλᾶντων
693 1491 798 1584 ἄρχειν
824 1497 968 1574 πολιτικὴν
994 1492 1012 1572 ἢ
1037 1495 1238 1582 στρατιωτικὴν
1260 1495 1358 1581 cippis

39 1588 173 1656 denarium
194 1593 297 1667 niveus
318 1598 450 1685 χρυσοῦς
471 1601 503 1660 ἐκ
523 1605 575 1674 τῆς
596 1596 742 1686 ἐπαρχίας
761 1596 992 1673 κομιξέτθωοοιν.
1021 1604 1087 1664 Iam
1105 1623 1172 1662 cum
1187 1604 1255 1679 ipsa
1270 1603 1361 1660 verba

38 1699 188 1772 significent
211 1705 345 1763 ordinem
369 1705 558 1764 salutationis
580 1725 599 1763 a
620 1705 801 1764 Marisoiano
824 1707 935 1764 tactum
958 1726 1024 1764 esse
1046 1716 1075 1765 et
1097 1706 1218 1765 iubente
1240 1724 1276 1763 eo
1302 1725 1357 1782 pu·
1465 1685 1468 1691 Ι

37 1799 101 1859 blioe
121 1809 305 1880 propositum
328 1809 358 1864 in
375 1807 478 1866 tabula
494 1826 590 1880 aerea,
613 1807 763 1884 quomodo
779 1807 809 1864 id
825 1809 968 1883 perficere
983 1809 1115 1886 potuerit
1130 1808 1186 1866 nisi
1202 1808 1358 1878 edicendo,

37 1903 156 1975 equidem
179 1927 239 1966 non
262 1910 424 1987 perspicio,
446 1928 625 1986 quamquam
647 1929 750 1968 verum
774 1921 820 1967 est
841 1929 900 1968 non
921 1912 1013 1970 verba
1033 1913 1064 1969 in
1080 1911 1185 1968 edictis
1201 1910 1359 1968 sollemnia

36 2001 88 2076 (iila
107 2009 186 2085 dicit)
215 2013 402 2088 praescripta
424 2029 505 2084 esse,
532 2012 585 2070 sed
608 2029 696 2087 quem
718 2030 784 2069 eam
807 2031 869 2069 rem
891 2029 1014 2089 praeses
1040 2032 1146 2070 curare
1173 2013 1303 2072 iusserat
1328 2011 1359 2071 id

35 2108 104 2179 quod
124 2110 250 2188 legimus
273 2113 518 2190 praescripsisse.
570 2111 649 2174 Sane
671 2132 747 2190 quae
774 2115 804 2171 in
827 2114 1084 2174 administratione
1111 2122 1267 2174 secuturus
1296 2125 1359 2173 erat

35 2225 92 2266 cum
122 2213 151 2270 in
179 2215 326 2291 sportulis
359 2215 454 2274 litium
484 2223 514 2274 et
540 2216 753 2274 advocatorum
783 2216 951 2274 honorariis
979 2219 1207 2288 constituendis,
1234 2228 1295 2276 tum
1323 2216 1360 2274 de

35 2311 124 2370 ordine
146 2316 297 2374 salutandi
321 2335 501 2393 quamquam
523 2318 561 2376 ad
583 2317 727 2376 officiales
743 2317 932 2394 potissimum
948 2319 1098 2394 pertinent
1114 2320 1160 2396 (id
1176 2320 1254 2378 enim
1270 2320 1359 2378 etiam

34 2411 64 2470 de
74 2416 250 2477 salutatione
263 2420 397 2477 obtinere
413 2420 461 2478 vel
479 2419 547 2477 inde
563 2419 755 2495 intellegitur,
773 2420 853 2494 quod
873 2430 997 2498 propter
1013 2423 1173 2480 commissa
1189 2441 1224 2480 eo
1240 2421 1360 2480 nomine

33 2515 150 2576 officium
173 2521 366 2596 potissimum
389 2519 586 2597 multarunt),
613 2525 684 2579 item
706 2521 815 2580 civium
839 2524 970 2582 omnium
994 2525 1136 2582 intererat
1157 2541 1259 2594 nosse;
1286 2543 1359 2600 qua·

33 2631 142 2695 propter
164 2643 227 2682 non
249 2625 312 2682 sine
338 2623 447 2681 idonea
472 2641 565 2681 causa
590 2624 664 2682 haec
691 2632 721 2682 et
747 2625 814 2701 ipse
839 2624 958 2700 publice
983 2627 1111 2702 proponi
1136 2626 1225 2685 iussit
1250 2633 1281 2683 et
1306 2646 1361 2702 per

32 2719 157 2782 civitates
192 2723 354 2783 Numidiae
388 2725 580 2801 magistratus
613 2725 750 2784 similiter
781 2726 1018 2802 publicaverunt.
1072 2726 1211 2786 Ceterum
1245 2735 1359 2788 tanturn

33 2821 116 2894 abest,
138 2835 169 2884 ut
191 2846 250 2886 suo
272 2827 394 2885 arbitrio
412 2828 613 2888 Mariscianus
635 2829 709 2886 haec
731 2829 832 2887 omnia
857 2831 1046 2889 constituisse
1069 2829 1287 2889 existimandus
1311 2831 1360 2902 sit,

32 2935 58 2979 ut
78 2926 138 2984 sine
161 2929 256 2986 dubio
278 2930 419 3006 pleraque
441 2939 521 2988 certe
543 2929 581 2987 ad
604 2931 650 2988 ius
669 2948 825 2989 commune
842 2933 997 3006 ordinarit,
1018 2951 1083 2992 cum
1101 2933 1276 3010 praesertim
1294 2934 1360 3010 ipse

33 3025 131 3087 adiciat
152 3041 184 3088 at
204 3035 406 3108 perpetuitatis
428 3036 589 3091 memoriam
609 3032 683 3090 haec
704 3033 803 3092 incidi.

68 3128 145 3189 Olim
168 3133 252 3210 quod
273 3144 424 3210 receptum
451 3143 499 3194 est
520 3133 598 3212 apud
619 3133 772 3193 Romanos
799 3152 858 3193 non
886 3137 1055 3212 promiscue
1081 3135 1282 3213 provinciales
1310 3137 1362 3194 ad-

32 3229 185 3294 mittendos
218 3253 286 3294 esse
314 3236 352 3293 sd
380 3236 535 3313 praesides
563 3237 722 3312 complexu
748 3237 862 3295 scilicet
888 3251 918 3294 et
944 3238 1048 3297 osculo
1078 3237 1294 3314 salutandos³)
1322 3247 1362 3312 et,

31 3335 104 3404 quod
125 3355 193 3395 cum
219 3356 256 3395 ea
276 3357 309 3395 re
330 3339 517 3397 coniunctum
540 3338 606 3410 fuit,
628 3338 666 3395 ad
684 3337 931 3397 introductionem
947 3340 977 3397 in
993 3339 1160 3398 cubiculum
1176 3357 1276 3397 eorum
1292 3359 1363 3399 con-

30 3449 198 3514 sessumque
208 3437 254 3514 ⁴),
282 3440 312 3498 id
335 3449 439 3516 postea
465 3458 582 3516 quoque
609 3439 756 3498 mansisse
783 3442 1010 3499 constitutiones
1037 3441 1138 3517 plures
1165 3439 1361 3516 testanturi).

30 3532 181 3605 Quomodo
206 3549 305 3600 autem
327 3551 433 3617 quarto
457 3541 649 3600 saeculares
672 3541 882 3601 administrata
904 3543 958 3613 sit,
985 3544 1055 3600 ordo
1078 3543 1258 3600 salutationis
1280 3542 1361 3601 Tha-

28 3643 140 3718 mugadi
163 3652 304 3720 repertus
330 3644 411 3702 clara
435 3643 502 3703 luce
527 3643 674 3714 illustrat,
700 3661 876 3720 quamquam
903 3644 929 3700 ei
956 3643 1015 3701 luci
1043 3663 1102 3701 non
1129 3663 1234 3718 parum
1262 3643 1362 3702 hiatus

28 3740 156 3815 officiunt
178 3752 315 3803 tenorem
338 3746 517 3823 praescripti
539 3746 789 3821 interrumpentes
812 3765 907 3821 neque
933 3746 995 3804 ullo
1022 3746 1112 3804 modo
1140 3753 1222 3804 certa
1247 3746 1363 3804 ratione

28 3844 178 3920 explendi3
202 3855 250 3905 est
270 3847 348 3905 enim
372 3847 500 3907 edictum
522 3864 575 3906 suo
598 3864 705 3924 genere
727 3847 844 3905 unicum
867 3857 896 3906 et
917 3849 994 3907 inter
1016 3847 1204 3923 antiquitatis
1222 3848 1362 3926 reliquias

28 3945 69 4002 sui
91 3956 211 4008 tantum
234 3949 339 4008 simile.

81 4185 104 4248 ¹)
126 4189 239 4239 O.1ust.
254 4189 279 4252 3,
295 4192 319 4252 2,
334 4193 359 4240 2.
398 4191 570 4243 conferantur
588 4191 716 4257 Ulpianus
734 4191 795 4257 Dig.
812 4193 836 4254 1,
852 4191 895 4253 16,
908 4192 935 4253 4,
954 4192 983 4255 3;
1005 4191 1184 4243 Cassiodorius
1204 4206 1257 4242 rar.
1273 4193 1316 4254 11,
1338 4193 1363 4242 8.

79 4277 104 4340 ²)
125 4280 156 4331 C.
172 4282 266 4344 Tus,
283 4283 325 4345 16,
342 4285 366 4332 1.
414 4283 440 4346 6,
460 4283 504 4344 25,
526 4285 541 4334 5
562 4303 595 4324 =
616 4283 723 4334 C.Iust.
744 4287 767 4346 1,
782 4284 857 4346 4⁸‚3
878 4289 902 4333 et
923 4285 965 4345 12,
983 4285 1024 4346 19,
1039 4287 1064 4335 2.
1105 4284 1199 4336 c.Tu.
1222 4285 1305 4346 6,27,
1322 4285 1365 4334 10.

80 4367 105 4431 ³)
126 4373 237 4423 Tacitus
256 4387 316 4422 ann.
333 4374 375 4436 15,
390 4361 437 4424 3'1:
457 4390 487 4424 ne
498 4410 523 4424 ..
542 4371 672 4426 Tiridates
691 4374 873 4441 ...complexu
889 4375 1038 4440 prouincias
1058 4374 1216 4426 obtinentium
1236 4381 1365 4424 arceretur

18 4459 151 4519 foribusve
175 4481 262 4514 eorum
286 4463 428 4516 adsisteret.
467 4468 531 4516 Vita
550 4466 637 4519 Severi
658 4483 679 4518 c.
695 4469 724 4517 2τ
749 4467 776 4516 in
800 4467 924 4534 lepatione
949 4467 1028 4532 (apud
1052 4467 1230 4534 proconsulem
1249 4465 1365 4528 Africae)

25 4567 75 4601 τοττι
93 4571 149 4606 eum
170 4555 275 4622 quidam
293 4559 441 4625 municipium
458 4575 557 4608 suorum
576 4556 727 4626 Leptitanus
741 4557 951 4625 praecedentibus
967 4558 1086 4625 fascibus
1109 4567 1136 4608 ut
1155 4559 1283 4624 antiquum
1307 4573 1365 4608 aaa·

24 4643 177 4699 tuternalern
199 4649 254 4716 apres
268 4649 383 4716 plebeius
402 4650 531 4718 amplexus
549 4657 619 4714 esset,
632 4649 746 4715 sustu'tns
763 4666 815 4701 eram
829 4649 873 4701 sul
886 4652 968 4718 elopio
980 4689 986 4702 .
998 4687 1022 4701 ..
1042 4649 1148 4701 eiusdem
1162 4650 1219 4713 (scr.
1233 4647 1364 4714 eiusmodi)

20 4743 159 4800 praeconis
180 4740 287 4791 cecidit.-
304 4735 425 4809 ‘lepatum
442 4743 533 4810 populi
551 4742 660 4793 Romani
676 4743 746 4794 lamo
762 4741 878 4811 plebeius
897 4749 983 4794 temere
1002 4743 1120 4810 amplecti
1137 4733 1211 4792 noli¹.

79 4831 104 4894 ⁴)
132 4834 274 4898 Significat
293 4836 319 4884 id
338 4835 451 4897 Tacitus,
471 4837 605 4886 enuntiant
624 4838 818 4887 constitutiones
839 4835 909 4898 (adn.
922 4835 957 4897 5).

80 4923 105 4984 ⁵)
127 4926 159 4976 C.
174 4925 228 4975 Th.
249 4923 273 4987 6,
295 4927 337 4987 23,
361 4931 388 4976 l:
417 4928 445 4976 in
467 4926 611 4978 salutandis
634 4925 889 4978 administratoribus.
938 4926 963 4990 6,
985 4927 1027 4990 26,
1049 4926 1077 4976 5τ
1106 4927 1133 4975 in
1157 4927 1240 4977 saeris
1264 4927 1368 4976 antistiis

21 5017 115 5068 niustria
134 5017 277 5068 militantes
295 5017 423 5069 ordinarii
439 5019 537 5071 iudices
556 5037 572 5070 a
590 5019 742 5071 salutatione
762 5037 811 5071 non
830 5026 942 5070 arceant.
982 5019 1007 5081 6,
1021 5019 1065 5080 26,
1081 5019 1109 5068 8:
1129 5019 1156 5066 ia
1172 5017 1368 5069 salutationibus

20 5107 133 5159 iudicum
153 5108 360 5178 consecutusque
378 5113 478 5178 priores
496 5128 538 5162 eos
622 5127 674 5163 essa
688 5113 870 5181 praecipimus.
906 5112 988 5174 12,1,
1011 5111 1076 5160 109τ
1097 5109 1206 5160 osculum
1220 5125 1314 5176 quoque
1327 5107 1368 5159 lis

19 5201 46 5250 in
63 5203 213 5269 prouincia
230 5201 394 5254 iudicantium
413 5211 437 5256 et
456 5219 585 5256 consessus
603 5203 717 5256 indultus
736 5206 776 5256 sit.
816 5203 881 5254 (lod.
894 5203 958 5254 Iust.
975 5204 998 5266 1,
1011 5203 1055 5264 48,
1072 5201 1096 5252 3.
1136 5202 1176 5253 Cf.
1191 5201 1367 5255 Gotholredua

20 5294 301 5358 mamam.

104 5400 148 5462 V.
1122 5407 1159 5464 41
