3444 5932
312 553 383 625 128
889 567 1073 622 nouusnu

310 747 474 805 eminentes
488 746 516 802 in
534 745 641 803 militia
654 745 720 816 riri,
743 745 872 804 maxime
887 745 1075 802 centuriones
1099 751 1128 802 et
1149 727 1267 802 tribuni
1282 743 1476 820 praetoriani,
1498 742 1552 802 sed
1572 743 1644 800 item

310 848 454 925 praefecti
476 847 627 924 legionum
650 846 762 921 aliique
783 847 813 904 in
836 845 973 904 adeundo
995 845 1176 923 imperatore
1198 845 1448 924 protegendoque‚
1472 853 1505 902 ut
1526 845 1586 922 ipsi
1602 843 1647 900 di-

311 957 390 1022 cunt,
414 948 515 1007 divino
538 949 631 1007 latere
651 947 843 1025 praecipuum
866 948 913 1006 ius
935 954 965 1006 et
979 947 1109 1006 officium
1125 947 1258 1006 eminens
1281 947 1424 1006 haberent
1445 947 1569 1022 reliquis
1593 945 1647 1003 mi·

310 1051 464 1110 litantibus
486 1051 556 1109 licet
577 1051 608 1108 in
630 1051 780 1128 praetorio
803 1049 994 1125 denegatum,
1018 1058 1047 1108 et
1068 1057 1227 1126 propterea
1246 1050 1427 1126 protectoria
1448 1049 1595 1125 dignitate
1617 1059 1648 1105 et

312 1151 461 1230 stipendio
486 1161 572 1210 aucto
595 1152 822 1210 cumularentur.
865 1151 972 1226 Itaque
993 1151 1024 1208 in
1047 1151 1179 1209 exercitu
1201 1151 1255 1209 illo
1277 1150 1529 1222 extraordinario,
1557 1168 1647 1225 quem

312 1255 349 1312 ad
374 1253 491 1314 Gallias
513 1255 733 1330 recuperandas
756 1251 902 1312 Claudius
925 1271 952 1310 a.
969 1251 1028 1312 269
1050 1253 1080 1310 ἱιι
1103 1251 1331 1312 Narbonensem
1355 1253 1542 1329 provinciam
1565 1251 1650 1310 misit

312 1357 369 1414 sub
391 1355 464 1414 duce
486 1355 635 1432 praefecto
661 1355 785 1432 vigilum
814 1354 895 1412 urbis
922 1353 1036 1412 Romae
1064 1353 1106 1429 (n.
1129 1355 1178 1431 5),
1212 1363 1291 1413 recte
1320 1363 1390 1431 post
1415 1372 1558 1413 numeros
1588 1373 1650 1412 nou

313 1458 408 1516 solum
431 1457 596 1534 praepositi
617 1456 783 1514 honorifica
804 1455 953 1513 mentione
975 1455 1154 1528 afficiuntur,
1176 1457 1315 1516 seditem
1330 1455 1483 1515 ducenarii
1498 1462 1649 1532 protecto·

312 1577 371 1630 res,
394 1558 507 1618 scilicet
528 1558 579 1633 qui
601 1558 631 1615 in
654 1577 689 1614 eo
711 1558 845 1616 exercitu
867 1565 953 1615 erant
973 1558 1148 1634 praesertim
1171 1575 1209 1615 ex
1231 1559 1382 1636 praetorio
1398 1558 1453 1616 viri
1469 1577 1529 1616 non
1544 1557 1650 1629 duces,

314 1660 365 1719 aed
387 1659 569 1735 protectoria
591 1659 735 1736 dignitate
757 1676 848 1734 super
865 1659 995 1734 reliquos
1010 1659 1181 1719 eminentes.
1204 1691 1243 1702 -
1267 1660 1431 1720 Praefectis
1446 1669 1546 1718 autem
1562 1678 1650 1736 prae-

313 1763 391 1820 torio
413 1771 446 1820 ut
467 1761 631 1820 consiliarii
653 1771 683 1820 et
696 1761 977 1820 commentarienses
992 1761 1106 1838 proprii
1122 1760 1283 1820 adfuerunt
1297 1760 1490 1836 (dtoomreclrt
1504 1761 1534 1834 2,
1554 1760 1651 1835 1066)

314 1873 344 1922 et
365 1871 461 1922 aetate
482 1863 646 1938 posteriore
668 1862 776 1920 notarii
798 1863 979 1937 praetoriani
1001 1862 1122 1921 fuerunt
1143 1863 1255 1938 pariter
1277 1870 1368 1939 atque
1387 1863 1584 1940 imperatorii,
1608 1863 1652 1919 ita

314 1965 359 2023 illi
382 1983 453 2024 suos
476 1982 596 2041 quoque
610 1971 796 2042 protectores
811 1965 986 2023 habuerunt.
1021 1963 1047 2022 li
1063 1965 1126 2023 sine
1141 1963 1230 2022 dubio
1245 1981 1313 2024 esse
1328 1965 1490 2038 desierunt,
1513 1984 1583 2024 cum
1598 1965 1651 2022 im-

314 2077 436 2144 perante
451 2064 651 2126 Constantino
673 2085 771 2124 rerum
795 2065 966 2125 militarium
989 2065 1208 2125 administratio
1230 2085 1249 2124 a
1267 2065 1428 2145 praefectis
1443 2067 1596 2144 praetorio
1612 2065 1652 2123 ad

315 2168 476 2244 magistros
499 2167 626 2226 militum
649 2167 797 2227 translata
818 2175 872 2226 est.

357 2269 545 2346 Stipendium
568 2270 786 2346 protectoribus
809 2269 948 2329 omnibus
969 2269 1048 2328 idem
1070 2269 1172 2328 datum
1191 2286 1259 2328 esse
1281 2269 1449 2329 sestertium
1465 2269 1651 2328 ducenorum

315 2371 476 2431 verisimile
498 2379 558 2442 est3
580 2379 659 2430 certe
682 2379 878 2446 protectorem
902 2371 952 2448 qui
968 2371 1107 2448 stipendii
1123 2371 1302 2429 mentionem
1318 2371 1408 2430 iaciat
1422 2372 1537 2430 nullum
1553 2371 1651 2430 adhuc

314 2474 483 2533 invenimus
505 2473 563 2532 nisi
586 2473 786 2532 ducenarium.
830 2471 984 2548 Dignitate
1006 2491 1066 2531 nou
1089 2479 1274 2548 exaequatos
1298 2473 1393 2532 luisse
1417 2483 1651 2532 consentaneum

316 2587 374 2647 est,
402 2594 467 2634 cum
490 2582 708 2651 protectoratus
730 2573 897 2649 reperiatur
918 2573 1007 2632 modo
1030 2573 1067 2631 ad
1089 2574 1232 2633 maiorem
1255 2573 1343 2632 modo
1366 2575 1405 2633 od
1427 2577 1574 2634 minorem
1596 2575 1652 2631 mi·

315 2677 410 2734 litium
432 2676 604 2748 adiunctus3
630 2684 660 2734 et
681 2695 751 2735 vere
772 2675 962 2734 inveniuntur
983 2683 1167 2751 protectores
1189 2675 1242 2734 alii
1262 2676 1318 2733 viri
1341 2675 1553 2750 perfectissimi
1576 2695 1605 2734 n.
1622 2675 1650 2746 8,

316 2778 367 2836 ulii
389 2777 446 2836 viri
468 2778 581 2855 egregii
602 2798 630 2836 u.
651 2779 698 2849 11,
721 2777 793 2836 item
816 2777 934 2836 Taurus
957 2796 986 2835 n.
1005 2779 1017 2834 1
1044 2776 1081 2834 ad
1104 2777 1386 2852 perfectissimatum
1408 2795 1463 2855 per
1483 2776 1653 2855 praefectu-

316 2897 379 2938 ram
403 2879 526 2958 vigilum
549 2878 668 2936 demum
690 2887 821 2937 evectus.

361 2979 430 3039 Hoc
451 2987 651 3057 protectorum
673 2981 843 3038 institutum
862 2980 983 3056 quando
1005 2989 1149 3039 mutatum
1172 2981 1220 3052 sit,
1242 2981 1367 3040 inveniri
1390 2999 1451 3040 non
1472 2987 1574 3058 potest
1594 2979 1652 3038 nisi

321 3082 474 3142 delinitum
489 3081 555 3153 erit,
571 3081 722 3156 quomodo
737 3082 775 3140 ab
790 3083 922 3158 antiquis
938 3083 1157 3159 protectoribus
1174 3082 1245 3140 novi
1261 3081 1412 3154 differant3
1435 3082 1653 3159 praecipientes

320 3185 412 3261 igitur
432 3184 513 3260 quod
537 3182 616 3241 infra
641 3182 892 3243 demonstrabitur
913 3185 969 3242 hos
991 3184 1144 3260 proprium
1168 3201 1277 3261 corpus
1299 3184 1437 3243 effecisse
1459 3201 1478 3242 a
1500 3201 1556 3242 suo
1579 3184 1653 3242 duce

321 3293 432 3344 rectum
459 3285 517 3342 iam
540 3284 710 3356 videamus,
743 3285 862 3360 quando
888 3285 1034 3360 incipiant
1059 3293 1244 3362 protectores
1271 3293 1393 3362 propter
1419 3292 1652 3362 protectoratum
1713 3283 1714 3300 ³

322 3387 474 3462 antiquum
498 3385 630 3444 officium
652 3387 810 3464 deponere,
832 3389 902 3445 item
925 3387 1044 3463 quondo
1066 3387 1211 3465 incipiant
1230 3393 1431 3464 protectorum
1454 3387 1630 3462 praepositi.

363 3488 453 3547 Prior
474 3488 609 3565 quaestio
632 3488 741 3564 pendet
762 3505 866 3548 rursus
889 3488 1110 3564 quodammodo
1132 3508 1151 3546 a
1164 3489 1366 3565 grammatica,
1389 3488 1506 3548 scilicet
1526 3505 1653 3564 praepo·

323 3589 440 3648 titionis
463 3608 496 3648 aa
517 3609 583 3648 cum
606 3588 829 3648 condicionibus
852 3598 882 3648 et
903 3591 1066 3648 honoribus
1089 3591 1263 3648 coniunctae
1279 3609 1427 3666 quaenam
1449 3591 1495 3648 vis
1517 3591 1567 3649 sit
1607 3587 1653 3646 Ea
1713 3613 1714 3668 ζ

323 3699 421 3749 autem
445 3691 557 3766 duplex
579 3699 634 3749 est.
677 3689 757 3750 Nam
779 3691 830 3749 ubi
853 3690 988 3767 sequitur
1008 3691 1133 3766 pluralis
1155 3691 1203 3748 vel
1230 3691 1399 3767 plurativos
1425 3689 1652 3768 significationis
1713 3715 1714 3720 ¹

322 3792 509 3864 vocabulum,
531 3797 631 3869 potest
652 3791 695 3850 ita
716 3791 878 3868 significari
899 3811 967 3850 eum
989 3791 1025 3848 de
1047 3809 1108 3866 quc
1130 3793 1228 3869 egitur
1249 3799 1301 3851 aut
1321 3810 1356 3852 eo
1372 3811 1496 3852 numero
1518 3811 1652 3869 compre·
1713 3855 1714 3858 Ἴ

323 3892 413 3951 hendi
440 3905 492 3951 aut
519 3910 555 3951 eo
581 3893 648 3950 loco
676 3892 747 3951 olim
772 3893 875 3951 fuisse.
918 3892 996 3951 Illud
1022 3903 1057 3950 ut
1082 3893 1230 3952 communi
1259 3911 1395 3953 sermone
1423 3895 1536 3954 obtinet
1567 3892 1651 3969 (narn

323 4012 396 4052 unus
420 4013 453 4051 ee
474 3996 584 4064 amicis,
606 3993 680 4051 oller
702 4012 736 4051 eu
757 3996 917 4052 conomius
938 3995 1053 4070 optima
1074 4002 1171 4054 aetate
1192 4003 1343 4071 receptum
1363 3997 1447 4073 init),
1474 3997 1518 4054 ita
1540 4015 1560 4053 a
1580 3993 1652 4070 legi·

324 4094 397 4152 timo
412 4113 507 4169 eoque
522 4113 610 4170 quem
625 4095 705 4152 tituli
719 4095 820 4154 idonei
835 4103 1062 4172 repraesentant
1076 4097 1229 4167 abhorret3
1251 4097 1277 4155 is
1292 4097 1371 4155 enim
1392 4097 1424 4156 iu
1440 4095 1589 4156 eiusmodi
1609 4094 1651 4150 lo·
1713 4101 1714 4106 ’

324 4195 492 4254 cutionibus
515 4214 534 4252 a
554 4196 777 4271 praepositione
799 4197 929 4255 abstinet
951 4197 1085 4272 soletque
1108 4197 1146 4254 ad
1166 4197 1362 4274 legionarium
1384 4198 1416 4256 in
1435 4197 1651 4273 antiquioribus

323 4296 421 4354 titulis
443 4297 573 4355 adscribi
595 4298 703 4373 lepione
717 4297 781 4368 illo,
804 4306 901 4356 aetate
917 4297 1110 4374 imperatoria
1123 4298 1202 4356 miles
1219 4299 1336 4376 legionis
1350 4299 1441 4370 illius,
1465 4314 1651 4375 nequaquam

324 4397 496 4456 seremiles
519 4416 551 4455 ec
574 4398 681 4472 legione
702 4399 765 4456 illo.
800 4397 1017 4474 Exceptionem
1039 4399 1153 4458 faciunt
1170 4401 1255 4458 tituli
1275 4400 1500 4459 classiariorum
1522 4409 1553 4458 et
1572 4397 1652 4474 equi·

324 4507 387 4556 tum
409 4499 616 4575 singularium.
659 4499 694 4556 In
715 4499 778 4558 illis
800 4499 886 4558 miles
910 4499 1013 4558 classis
1035 4500 1153 4576 quidem
1176 4501 1284 4560 dicitur
1305 4519 1383 4575 esse,
1408 4519 1478 4561 raro
1499 4519 1533 4560 ac
1553 4501 1650 4566 classe,

325 4601 377 4660 sed
399 4619 432 4658 aa
452 4603 522 4658 nani
541 4617 615 4659 usus
636 4600 774 4676 requirit,
796 4619 855 4660 non
876 4606 958 4659 navia
984 4599 1037 4676 (0.
1053 4600 1084 4658 Χ
1106 4621 1135 4678 p.
1154 4601 1263 4679 1131);
1289 4603 1320 4670 in
1342 4603 1390 4662 his
1412 4602 1559 4661 formulae
1578 4618 1652 4676 quae

326 4711 397 4760 sunt
423 4721 456 4759 er
481 4720 595 4760 numero
621 4705 744 4778 equitnm
775 4703 978 4778 stapulensem,
1013 4721 1045 4760 aa
1077 4721 1192 4762 numero
1220 4704 1424 4780 elegidarion,
1459 4723 1492 4762 es
1518 4700 1651 4779 equitibus

325 4803 535 4878 singulamilia,
562 4823 595 4862 en
616 4803 809 4880 singularibus
832 4811 864 4861 ut
885 4805 1034 4862 veteranis
1062 4801 1111 4880 (0.
1128 4803 1185 4876 VI,
1217 4805 1308 4864 3178.
1331 4803 1423 4864 3216.
1448 4803 1538 4864 3231.
1562 4799 1653 4874 3242)

324 4905 367 4963 ita
392 4904 588 4964 militantibus
617 4905 707 4964 etiam
734 4913 795 4962 tum
831 4902 956 4980 (cvl,
980 4903 1069 4963 3259.
1094 4903 1184 4964 3294.
1209 4903 1304 4981 3305)
1337 4906 1547 4967 adscribuntur
1571 4902 1651 4963 nullo

325 5006 498 5064 discrimine
529 5007 624 5079 iacto,
658 5024 873 5082 saepenumero
906 5018 1060 5081 praeterea
1091 5006 1221 5065 adicitur
1248 5025 1281 5064 er
1309 5019 1412 5066 tamna.
1456 5008 1539 5067 Idem
1570 5021 1651 5082 prae·

325 5108 485 5183 positionis
506 5125 579 5166 usus
601 5108 732 5165 fortasse
754 5107 790 5164 ad
809 5107 937 5184 collegia
958 5125 1077 5184 quoque
1100 5109 1201 5184 aliquo
1224 5108 1312 5167 modo
1335 5111 1480 5185 pervenit,
1505 5117 1539 5167 ut
1559 5126 1590 5165 ea
1608 5116 1651 5162 ta-

326 5207 435 5266 bularis
457 5205 491 5268 O.
508 5207 561 5280 VI,
585 5206 675 5266 9072.
693 5207 783 5268 3074.
799 5207 891 5281 9075,
914 5227 947 5266 ec
968 5209 1114 5268 tabellaria
1136 5210 1168 5268 in
1190 5208 1276 5268 titulo
1299 5207 1543 5288 Carthaginiensi
1565 5223 1651 5282 snpra
