3330 5934
75 621 106 670 no
487 616 688 670 enormem
715 616 923 668 nannenus.
1300 598 1371 670 277

99 793 165 850 Ante
185 811 212 851 r.
230 793 244 849 1
269 791 301 850 in
322 802 430 870 ectypo
452 800 532 851 certe
554 792 685 870 quinque
700 809 841 850 versuum
857 791 986 870 vestigia
1007 791 1214 868 dispiciuntur.
1228 823 1267 834 -
1281 790 1339 850 Vr.
1359 793 1373 849 l

68 897 115 952 -t
134 913 203 970 quae
223 893 291 952 dedi
315 894 458 971 pleraque
478 913 583 972 parum
607 903 687 954 certa
709 901 786 954 sunt.
811 927 848 937 -
876 894 912 953 19
936 909 963 952 rs
985 893 1101 953 litteras
1123 894 1220 970 primo
1245 893 1375 953 omissas

64 997 166 1075 posthac
189 995 398 1072 quadratarius
419 997 511 1056 verbo
539 997 620 1074 quod
647 1006 693 1056 est
725 1007 866 1056 consertos
894 995 1010 1056 videtur
1036 996 1301 1073 superscripsisse.
1338 1027 1375 1040 —

65 1098 91 1154 ll
106 1099 149 1156 fin.
169 1107 235 1158 ante
256 1107 287 1158 et
309 1109 379 1176 post
400 1099 515 1158 litteras
539 1115 572 1157 ss
596 1100 696 1176 spatia
718 1107 825 1158 vacant
845 1107 969 1177 propter
991 1098 1101 1176 lapidis
1124 1099 1205 1157 vitia.

95 1197 197 1277 Scripta
217 1211 263 1258 est
286 1201 395 1260 litteris
418 1220 477 1260 uon
494 1201 659 1278 quadratis,
683 1203 737 1260 sed
759 1201 936 1274 uncialibus,
959 1201 1099 1278 qualibus
1121 1201 1237 1259 librarii
1254 1201 1376 1260 uteban-

62 1315 105 1372 tur,
128 1309 155 1360 ut
175 1303 288 1362 codicis
311 1303 511 1380 antiquissimi
539 1305 668 1380 paginae
695 1304 744 1361 hio
771 1304 850 1378 lapis
873 1304 953 1362 vices
980 1303 1078 1362 facere
1103 1303 1210 1380 possit.
1255 1299 1375 1362 Subieci

63 1405 187 1481 specimen
207 1405 376 1483 scripturae
394 1427 441 1464 vv.
461 1405 591 1477 11-14,
608 1406 677 1463 item
695 1405 885 1482 alphabetum
902 1413 932 1464 et
946 1405 1112 1464 litterarum
1128 1405 1373 1484 contignationes.

94 1569 281 1708 nitram
304 1593 499 1680 mester
521 1579 706 1712 patruo
736 1587 822 1676 rot
852 1593 975 1675 tote
995 1583 1230 1676 torosa

108 1715 299 1847 lucto?
321 1737 385 1812 ετ
401 1723 621 1839 exopepe
645 1723 860 1847 postest
891 1709 1082 1824 merul
1116 1715 1254 1850 epten

80 1857 604 1981 uutectmerruproat
625 1853 1347 1991 marsosumtuxtcousauun

110 1984 424 2120 srflumtlas
448 2001 643 2125 campos
658 1999 861 2124 uoluat
873 1997 1236 2114 copprusremtr

74 2228 1355 2406 alcdefchttotlco)st0p5psrux

255 2507 359 2667 a]
429 2509 529 2672 sa
595 2529 668 2650 m
873 2539 998 2658 ee
1082 2540 1149 2668 o

86 2752 296 2834 intelleguntur
318 2760 407 2818 haec:

232 2919 244 2956 a
294 2899 423 2958 Etcum
446 2907 577 2960 maturas
601 2911 717 2980 segetes
741 2903 925 2982 produxerat
946 2920 1052 2974 annus,

341 3001 507 3062 Demessus
529 3004 634 3062 calami
657 3005 754 3080 tu[n]o
776 3026 832 3085 ego
855 3009 968 3084 primus
991 3025 1082 3066 eram.

289 3103 443 3162 Faloifera
467 3125 532 3165 cum
556 3116 654 3164 turma
676 3108 770 3167 virum
793 3121 983 3184 processerat
1003 3111 1084 3168 arvis

342 3205 402 3267 Seu
426 3205 527 3268 Cirtae
550 3210 695 3269 nomados
723 3230 775 3270 seu
797 3211 880 3270 Iovis
902 3232 976 3272 arva
997 3221 1112 3290 petens,

290 3309 454 3370 Demessor
476 3321 597 3372 cunctos
620 3315 769 3372 anteibam
792 3315 906 3390 primus
929 3316 959 3372 in
981 3315 1061 3374 arvis

213 3431 240 3470 m
343 3413 405 3472 Pos
427 3425 528 3492 tergus
553 3415 689 3474 lincuens
712 3417 805 3474 densa
826 3437 923 3476 meum
945 3418 1067 3496 gremia.

290 3513 344 3574 Bis
368 3534 458 3575 senas
481 3535 594 3576 messes
617 3519 723 3576 rabido
748 3519 803 3578 sub
825 3521 889 3579 sole
912 3519 1038 3591 totondi,

343 3617 456 3678 Ductor
479 3632 508 3678 et
531 3639 569 3680 ex
592 3639 681 3696 opere
704 3629 811 3699 postea
831 3623 926 3682 iactus
951 3643 1040 3681 eram.

288 3717 434 3779 Undeoim
457 3731 487 3779 et
508 3731 623 3782 turmas
646 3741 812 3783 messorum
835 3725 976 3784 duximus
999 3724 1113 3800 ann[is]

340 3821 379 3879 Et
400 3821 552 3881 Numidae
575 3845 698 3902 campos
721 3837 824 3884 nostra
847 3845 952 3886 manus
976 3829 1078 3885 secuit.

214 3943 241 3981 rs
288 3923 347 3982 Hic
368 3925 454 3983 labor
476 3935 506 3984 et
527 3927 589 3984 vita
611 3947 704 4004 parvo
727 3929 894 4028 oon[ten]ta
917 3931 1015 3988 valere

290 4024 329 4082 Et
351 4027 502 4086 dominum
525 4029 622 4087 lacere
644 4030 749 4089 domus
773 4031 894 4100 et,villa
915 4039 1021 4108 parata
1044 4030 1129 4106 (e)st,

340 4129 380 4186 Et
401 4131 493 4188 nullis
517 4133 624 4208 opibus
648 4132 762 4208 indiget
785 4133 852 4210 ipsa
873 4133 988 4192 domus.

288 4229 327 4288 Et
349 4243 451 4291 nostra
474 4234 535 4292 vita
557 4233 673 4293 fructus
695 4236 828 4312 percepit
850 4235 1008 4305 honorum,

340 4333 420 4394 Inter
441 4336 627 4394 conscribtos
651 4337 778 4395 scribtus
802 4346 830 4394 et
853 4337 918 4413 ipse
941 4339 993 4396 lui.

215 4453 244 4494 ao
288 4435 414 4494 Ordinis
437 4437 466 4495 in
490 4439 602 4513 templo
625 4439 759 4497 delectus
782 4439 819 4498 ab
842 4439 945 4498 ordine
968 4441 1033 4498 sedi

338 4538 377 4597 Et
399 4539 436 4597 de
458 4540 602 4598 rusticulo
625 4559 732 4598 censor
755 4542 870 4618 etipse
892 4541 944 4600 tui.

288 4639 328 4697 Et
349 4641 438 4719 genui
461 4651 490 4699 et
511 4643 573 4700 vidi
596 4643 719 4701 iuvenes
741 4643 897 4719 crev[is]sc
920 4655 1053 4720 nepotes.

289 4741 377 4802 Vitae
399 4764 454 4821 pro
476 4745 589 4804 moritis
613 4746 711 4803 claros
734 4747 934 4823 transegimus
957 4765 1062 4819 annos,

338 4843 423 4920 Quos
445 4847 528 4906 nullo
551 4848 656 4925 lingua
677 4849 800 4907 crimine
824 4847 911 4907 laesit
932 4857 1031 4908 atrox.

216 4964 241 5005 aa
285 4947 403 5007 Discite
426 4951 569 5009 mortales
593 4951 657 5010 sine
680 4952 803 5009 crimine
827 4952 933 5027 degere
955 4953 1061 5010 vitaml

339 5049 388 5110 Sic
411 5052 528 5124 meruit,
552 5053 627 5111 vixit
649 5055 699 5130 qui
722 5055 785 5112 sino
807 5053 922 5126 fraude,
944 5056 1029 5112 mori.

87 5193 113 5268 [8
134 5201 262 5261 notabile
285 5203 389 5262 estad
412 5201 526 5262 Cirtam
548 5201 710 5263 Numidiae
731 5204 782 5280 (cf.
798 5225 826 5263 v.
841 5206 894 5282 14)
916 5223 1065 5265 messores
1096 5206 1138 5264 ire
1163 5207 1269 5266 solitos
1296 5227 1363 5268 esse

52 5295 91 5352 tel
117 5319 152 5358 ex
181 5305 334 5380 provincia
363 5305 539 5384 Byzacena3
576 5315 608 5364 ut
639 5305 800 5366 Suetonius
820 5307 912 5388 Vesp.
938 5309 953 5366 l
991 5327 1149 5386 operarum
1181 5311 1362 5372 mentionem
