3444 5932
395 611 698 670 oasaavarrones
717 611 1007 668 aercnarmcsn.
1296 594 1365 670 131

93 800 197 866 aptatam
215 789 282 864 (rita
294 788 466 849 Numeriani
492 790 545 861 13;
568 789 673 848 Victor
687 787 775 849 Caes.
792 787 846 866 39)
869 787 917 847 vel
939 789 1014 846 adeo
1036 789 1172 847 comitem
1196 789 1371 847 domestico-

91 911 138 947 rum
165 891 297 964 (Zonnras
321 889 368 962 12,
392 893 444 950 31:
478 879 561 948 ἄλλοι
588 883 619 946 δὲ
646 880 755 960 κᾶμητα
784 884 954 958 dependas
980 883 1066 947 αὖτόν
1093 881 1234 966 γενέσθαι
1267 882 1372 966 φασί),
1463 915 1469 926 ·

90 1011 133 1049 rou
147 1003 213 1050 recte
229 992 291 1049 inde
304 991 458 1069 colligetur
473 1011 509 1051 eo
524 999 657 1068 tempore
673 991 766 1050 fuisse
780 991 890 1050 milites
905 991 1057 1067 palatinos
1071 990 1251 1050 domesticos
1266 991 1372 1064 dictos,

91 1109 137 1149 cam
155 1093 179 1148 id
199 1112 308 1164 nomen,
330 1102 362 1152 ut
382 1093 462 1152 infra
483 1094 614 1166 dicetur,
636 1101 743 1170 quarto
758 1092 875 1151 demum
898 1093 1016 1152 saeculo
1039 1093 1136 1150 medio
1158 1093 1294 1172 incipiat,
1320 1113 1373 1152 neo

90 1211 231 1268 magnopere
250 1194 369 1253 offendit
390 1205 590 1272 protectorum
607 1195 754 1253 vocabulo
775 1214 810 1252 eo
827 1205 960 1270 tempore
984 1195 1092 1253 usitato
1115 1213 1133 1250 a
1155 1195 1373 1272 posterioribus

89 1295 227 1353 subitatos
247 1314 310 1354 esse
332 1297 525 1368 domesticos3
550 1297 603 1355 sed
623 1297 677 1355 sub
692 1295 924 1355 domesticorum
941 1295 1087 1354 vocabulo
1103 1297 1241 1370 antiquos
1257 1305 1374 1372 praeto-

89 1396 162 1453 rianos
181 1397 261 1456 latere
282 1415 443 1474 eorumque
464 1409 536 1475 puta
551 1398 701 1456 tribunatu
712 1397 930 1457 Diocletianum
946 1407 1007 1454 turn
1022 1395 1154 1454 sunctum
1171 1415 1248 1468 esse,
1269 1417 1373 1474 parum

88 1497 210 1555 verisimile
229 1507 280 1556 est.
312 1499 410 1556 Immo
432 1501 504 1558 llaec
520 1519 555 1557 eo
570 1500 682 1557 ducunt
697 1506 764 1556 ante
781 1497 1003 1557 Diocletianum
1020 1516 1128 1572 corpus
1150 1499 1300 1574 quoddam
1323 1519 1374 1557 ex·

89 1599 158 1656 titisse
176 1619 191 1655 a
209 1601 402 1676 praetorianis
426 1600 576 1660 diuersum
604 1601 757 1659 custodiae
783 1599 972 1676 imperatoris
998 1599 1177 1658 destinatum
1206 1608 1236 1658 et
1262 1599 1374 1658 habens

89 1697 161 1756 ducem
180 1717 265 1760 saum.
309 1699 492 1760 Constitutio
517 1701 697 1760 Diocletiani
720 1701 788 1760 anni
810 1701 914 1759 incerti
935 1699 1009 1759 Cod.
1026 1699 1098 1758 lust.
1119 1700 1165 1772 10,
1181 1701 1231 1773 48,
1248 1699 1277 1772 2,
1298 1719 1375 1776 quac

90 1801 135 1857 sola
151 1803 216 1860 inter
234 1804 295 1862 eius
321 1803 406 1880 leges
429 1810 629 1878 protectorum
652 1803 798 1874 meminit,
827 1802 1040 1859 immunitatem
1064 1801 1243 1860 confirmans
1266 1801 1303 1859 iis
1326 1807 1377 1877 pei

90 1911 122 1956 aut
137 1921 163 1959 ec
175 1905 375 1979 protectoribus
397 1913 463 1962 seat
484 1914 535 1963 out
557 1923 590 1962 ee
607 1908 793 1980 praepositis,
815 1921 882 1961 eum
904 1903 1041 1980 proxime
1056 1903 1178 1961 accedat
1197 1905 1234 1961 ad
1252 1903 1375 1978 iuscrip-

93 2003 165 2061 tiorem
188 2003 496 2082 Gratianopolitanam
526 2025 552 2062 a.
574 2005 634 2064 269
661 2005 704 2080 (n.
722 2005 771 2081 5),
801 2011 901 2081 potest
926 2005 1048 2062 omnino
1075 2003 1112 2061 ad
1141 2005 1281 2082 antiquos
1310 2023 1377 2082 pro·

97 2110 179 2164 beares
198 2109 281 2180 trahi,
309 2107 364 2166 sed
386 2125 445 2165 non
468 2107 566 2165 minus
587 2107 626 2165 ad
647 2125 740 2166 novos
763 2125 801 2164 ex
822 2106 884 2163 illis
907 2105 949 2162 ita
970 2115 1085 2176 enatos,
1112 2113 1144 2164 ut
1166 2107 1276 2164 multae
1298 2106 1377 2162 ordi-

97 2207 185 2264 nationes
208 2210 344 2285 ntrisque
376 2209 489 2283 pariter
514 2208 700 2266 conveniant.
745 2206 859 2266 Contra
885 2207 965 2284 quod
999 2207 1028 2266 iu
1061 2207 1137 2265 libro
1165 2207 1200 2265 de
1229 2207 1377 2265 mortibus

92 2316 265 2379 persecutorum
288 2309 333 2385 (c.
353 2309 389 2368 19
411 2307 448 2367 el.
466 2328 489 2367 c.
505 2309 558 2384 18)
581 2309 691 2386 scripto
714 2329 740 2366 a.
758 2309 851 2367 31314
873 2307 1049 2366 Lactantius
1065 2319 1166 2367 narrat
1181 2309 1378 2367 Maximinum

90 2407 148 2484 mlgo
165 2410 270 2469 Darem
298 2412 340 2468 ab
363 2411 511 2468 avunculo
534 2409 660 2468 Galerio
689 2411 816 2485 primum
841 2409 1002 2468 scutarium
1030 2409 1140 2468 facturn
1163 2427 1245 2482 csse,
1273 2409 1379 2468 deinde

88 2521 259 2582 protectorem,
286 2529 361 2570 mox
383 2512 548 2582 tribunum,
574 2511 700 2586 denique
723 2529 750 2567 a.
767 2511 827 2569 305
850 2509 1069 2568 adulescentem
1092 2512 1244 2569 etiamtum
1267 2507 1379 2570 Caesa·

88 2627 141 2680 rem,
162 2615 194 2670 ad
214 2623 400 2691 protectores
423 2613 533 2672 saeculi
556 2613 635 2670 tertii
659 2629 763 2688 parum
790 2629 821 2670 se
844 2612 1063 2684 accommodat,
1091 2623 1170 2669 recte
1193 2613 1313 2671 omnino
1341 2613 1379 2671 ad

87 2710 187 2772 instituta
205 2717 387 2793 posteriora,
417 2716 474 2772 nisi
497 2715 577 2790 quod
598 2715 628 2772 iu
651 2713 777 2771 transitu
799 2733 838 2770 ex
860 2713 965 2771 schola
986 2714 1181 2772 scutariorum
1205 2712 1241 2771 ad
1264 2722 1378 2790 protec-

87 2819 143 2870 tores
160 2817 261 2892 aliqaid
282 2814 403 2894 gratiae
425 2815 555 2874 dandum
578 2824 633 2873 est.

114 2913 198 2992 ltaque
223 2927 280 2976 tam
311 2917 408 2975 titulis
435 2935 525 2992 quara
552 2915 748 2992 scriptoribus
776 2915 901 2974 testibus
928 2917 965 2974 ab
987 2917 1150 2975 Aureliano
1177 2917 1245 2974 inde
1272 2935 1380 2993 corpus

85 3013 123 3071 luit
139 3029 328 3091 protectorum
352 3018 408 3076 sub
430 3017 505 3075 duce
528 3035 582 3074 suo
605 3017 759 3075 custodiae
780 3018 970 3092 imperatoris
992 3019 1179 3095 potissimum
1203 3019 1380 3076 destinatum

84 3127 102 3172 ct
118 3119 229 3180 eminens
243 3139 340 3196 supra
361 3119 577 3194 praetorianos.
610 3117 645 3176 In
666 3117 782 3193 legibus
798 3125 897 3176 tamen
920 3119 1024 3176 luorum
1047 3129 1246 3195 protectorum
1270 3121 1381 3178 mentio

83 3226 141 3274 cena
162 3222 237 3280 nulla
260 3221 414 3297 reperitur
435 3229 504 3278 aute
530 3237 638 3276 annum
662 3217 773 3294 325¹).
797 3251 835 3262 -
859 3218 1098 3278 Domesticorum
1120 3220 1296 3279 vocabulum
1323 3240 1382 3279 non

81 3317 163 3380 edendi
183 3333 247 3381 aute
277 3318 542 3396 Constantium⁹)‚
569 3337 665 3395 neque
688 3319 824 3377 absimile
858 3320 920 3378 veri
953 3329 998 3378 est
1029 3329 1171 3398 utrosque
1203 3341 1261 3380 non
1294 3321 1384 3380 simul

82 3417 201 3481 institutos
232 3441 318 3496 esse,
351 3421 405 3480 scd
436 3421 656 3498 protectoribus
689 3421 857 3479 reformatis
891 3419 1021 3479 fortasse
1053 3423 1090 3479 ab
1118 3423 1283 3481 Aureliano
1314 3433 1385 3499 post

80 3519 244 3598 intervallum,
270 3543 331 3582 non
354 3541 493 3600 maguum
516 3531 625 3594 tamen,
647 3522 825 3580 domesticos
849 3521 988 3580 adiectos.
1007 3556 1046 3565 —
1068 3523 1257 3582 Protectores
1280 3531 1310 3580 et
1331 3523 1384 3580 do-

82 3625 194 3684 mesticos
218 3646 292 3684 vere
318 3623 438 3682 dillerre
464 3633 494 3682 et
519 3635 580 3682 tam
609 3625 664 3682 hos
692 3643 781 3699 quam
808 3623 875 3681 illos
903 3623 1077 3682 laterculum
1108 3626 1259 3702 proprium
1286 3632 1316 3682 et
1340 3625 1385 3682 sic

80 3723 157 3784 decem
177 3729 289 3805 primos
311 3744 382 3785 suos
405 3725 546 3784 habuisse
563 3723 717 3783 declarant
738 3725 819 3802 leges
836 3725 912 3782 duae
929 3723 1055 3783 Honorii
1078 3723 1112 3784 C.
1129 3725 1187 3784 Th.
1204 3727 1232 3798 6,
1249 3724 1298 3798 24,
1320 3726 1347 3783 8.
1365 3727 1383 3784 9

80 3838 156 3899 aperte
175 3831 356 3888 mniuuctae.
404 3826 557 3885 Dillcrant
577 3835 675 3884 autem
699 3827 728 3884 ni
751 3827 841 3884 fallor
867 3845 902 3885 eo
927 3827 1060 3898 nomine,
1093 3827 1174 3902 quod
1201 3834 1384 3903 protectores

80 3931 175 4004 proprie
194 3929 387 4008 appellantur
407 3929 457 4004 qui
481 3928 640 4004 stipendiis
661 3927 808 4000 emeritis,
838 3927 993 3986 domestici
1015 3929 1135 4003 proprie
1156 3929 1207 4004 qui
1231 3929 1386 3986 nobilitate

80 4035 102 4082 tt
117 4033 204 4104 gratia
224 4031 264 4090 ad
287 4049 355 4088 eum
377 4029 474 4086 locum
497 4029 682 4106 perveniunt,
705 4047 764 4104 quta
786 4029 822 4086 de
844 4048 876 4087 re
898 4027 977 4086 infra
998 4028 1120 4086 dicetur.
1165 4029 1225 4088 Sed
1247 4029 1388 4088 differunt

78 4125 120 4199 ita,
143 4143 172 4189 ut
191 4151 223 4190 re
249 4131 346 4190 omnis
370 4130 506 4190 diuersae
528 4129 651 4205 originis
677 4129 802 4199 effectus
829 4130 952 4187 tollatur
974 4138 1004 4186 et
1024 4147 1084 4187 non
1107 4130 1204 4188 solum
1232 4130 1332 4189 officia
1358 4141 1388 4189 et

78 4229 220 4310 privilegia,
243 4233 298 4292 sed
318 4233 387 4308 ipsa
407 4231 461 4288 illa
482 4230 630 4288 vocabula
651 4231 729 4289 inter
749 4231 865 4289 nobiles
887 4230 1008 4288 iuvenes
1025 4240 1240 4307 ueteranosque
1255 4231 1293 4290 ad
1308 4233 1388 4290 hune

80 4327 200 4393 bonorem
215 4334 327 4412 pariter
341 4332 491 4391 admissos
506 4331 727 4407 quodammodo
742 4331 1006 4391 communicentur.
1040 4331 1162 4391 Scilicet
1176 4333 1227 4408 qui
1244 4341 1389 4408 praesunt

76 4428 107 4486 ils
126 4437 239 4495 comites
261 4435 321 4493 duo
343 4431 533 4510 appellantur
555 4432 785 4491 domesticorum
804 4433 937 4509 equitum
956 4442 986 4490 et
999 4433 1230 4492 domesticorum
1247 4434 1388 4510 peditum,

127 4621 146 4684 ¹)
163 4626 223 4676 Eius
242 4629 302 4678 anni
323 4637 363 4678 est
376 4629 440 4679 Cod.
455 4629 506 4679 Th.
521 4630 545 4688 7,
561 4629 604 4688 20,
619 4629 648 4676 4:
675 4627 847 4677 comitatenses
865 4633 888 4677 ct
907 4628 1019 4693 ripenses
1036 4627 1127 4678 utiliter
1141 4635 1215 4696 alque
1223 4635 1388 4696 protectores.

79 4709 138 4761 snut
156 4699 280 4780 sequelae
302 4729 362 4770 sune
384 4721 418 4770 tn.
439 4719 463 4779 r,
486 4721 530 4780 es,
551 4721 566 4768 a
587 4727 612 4767 et
632 4719 656 4780 a,
679 4720 703 4780 r,
725 4721 754 4780 e;
778 4720 839 4769 anni
861 4720 912 4768 aaa
934 4719 963 4768 c.
982 4719 1032 4770 Tu.
1055 4720 1079 4780 r,
1099 4723 1141 4780 eo,
1164 4723 1188 4770 a.
1233 4720 1389 4769 constituero

81 4813 99 4847 ²
111 4789 186 4861 31315
205 4809 232 4858 (l.
246 4809 295 4862 Th.
318 4813 342 4872 7,
363 4813 406 4871 21,
428 4814 441 4860 1
463 4825 608 4860 memorans
627 4825 681 4871 eos,
707 4812 749 4874 qui
769 4808 1000 4876 &protectoribus
1019 4809 1060 4859 ecl
1078 4827 1108 4858 ex
1124 4812 1279 4875 praepositis
1301 4809 1343 4858 nel
1361 4825 1391 4858 ee

79 4891 172 4944 triburia
190 4899 335 4964 dignitatem
356 4917 407 4952 non
428 4903 535 4963 militia,
561 4901 606 4950 sed
625 4901 758 4972 codicillis·
770 4902 945 4966 impetrarint,
971 4903 1047 4951 etiam
1068 4903 1206 4966 arrfiquiori
1233 4901 1393 4951 ordinationi

80 4993 184 5044 spuere
214 4991 243 5041 ld
263 4995 346 5058 ipsam
366 4993 435 5042 valet
450 4993 483 5042 de
502 4993 684 5042 constitutione
704 5007 728 5042 a.
743 4993 795 5042 333
816 4993 845 5055 Q.
860 4993 910 5044 Th.
931 4996 956 5054 t,
977 4995 1020 5055 22,
1043 4995 1058 5042 3
1078 4993 1216 5056 praeterita
1229 4991 1390 5056 potissimum

80 5077 211 5138 respiciens.

131 5165 154 5230 ¹)
173 5171 200 5222 C.
213 5174 261 5226 Tb.
276 5178 318 5235 12,
334 5179 359 5238 1,
374 5177 418 5238 33,
438 5177 493 5264 alpe
512 5175 592 5226 dubio
607 5175 762 5239 Constantii,
781 5177 890 5227 tortasse
909 5177 970 5227 anni
990 5175 1052 5227 346.
1092 5175 1134 5224 Ad
1153 5174 1262 5228 eandem
1281 5180 1392 5225 aetatem

81 5257 180 5316 reniret
195 5264 263 5316 locus
282 5268 415 5318 Ammiani
437 5270 479 5329 14,
502 5271 543 5328 10,
566 5269 591 5318 2.

1149 5369 1185 5436 911
