3544 5932
337 573 384 643 70
789 590 1063 641 99999999999
1091 590 1173 642 von.
1193 592 1235 642 111
1557 596 1663 645 ree-19³

382 763 472 838 Quod
492 765 524 823 in
546 765 603 822 hoo
620 763 708 823 titulo
728 783 755 820 v.
770 764 787 821 7
809 780 864 839 pro
879 782 896 820 o
910 762 1010 821 littera
1025 763 1041 820 b
1056 764 1214 836 invenitur,
1237 764 1302 824 eius
1318 765 1488 824 soloecismi
1504 767 1665 843 exemplum

339 875 387 928 est
407 866 439 925 ni
458 865 546 925 fallor
561 866 692 924 omnium
708 865 958 941 antiquissimum,
982 865 1174 940 repetendum
1188 865 1219 924 id
1235 867 1300 926 sine
1315 867 1405 926 dnbio
1420 886 1459 926 ex
1474 885 1529 926 usu
1544 865 1665 941 Graeco,

342 985 522 1046 quamquem
540 966 650 1028 Graeci
672 984 790 1043 quoque
813 967 910 1043 primo
932 985 961 1044 p.
978 963 1049 1025 Chr.
1073 967 1196 1026 saeculo
1211 987 1228 1026 9
1241 967 1382 1028 Latinum
1404 987 1473 1027 raro
1495 987 1548 1046 per
1569 970 1585 1027 l>
1606 970 1667 1027 red-

340 1071 478 1130 diderunt
504 1069 731 1146 (Dittenberger
752 1066 883 1126 Hermae
906 1067 998 1126 9916
1020 1088 1050 1146 p.
1067 1067 1151 1146 303).
1205 1069 1242 1128 19
1264 1069 1473 1146 Pompeianis,
1499 1089 1577 1146 quse
1602 1089 1667 1129 sune

340 1173 448 1232 9999919
471 1171 571 1230 991199
593 1187 709 1230 errores
732 1169 904 1240 omiserunt,
928 1171 993 1229 eins
1015 1170 1135 1248 generis
1158 1189 1249 1230 unum
1271 1179 1301 1230 et
1319 1191 1356 1230 ne
1370 1191 1437 1232 eum
1453 1172 1572 1248 quidem
1586 1173 1668 1247 plene

341 1285 455 1335 eertum
478 1274 610 1350 repperit
633 1271 859 1348 Zangemeister
881 1269 931 1346 (O.
948 1270 992 1330 lv
1012 1292 1041 1330 n.
1059 1265 1175 1330 3145122
1208 1271 1360 1332 (919999
1382 1273 1420 1332 ol.
1442 1293 1471 1350 p.
1488 1273 1580 1348 957);
1606 1293 1668 1332 nem

347 1375 465 1435 Vesbius
487 1383 517 1434 et
534 1376 669 1434 Vestinus
684 1373 832 1432 immerito
847 1373 1110 1450 reprehenduntur.
1144 1373 1397 1449 Antiquissimum
1412 1376 1492 1450 quod
1508 1373 1669 1434 Gorssenus

341 1478 372 1536 in
399 1477 600 1535 vocalismol
627 1496 656 1553 p.
680 1475 734 1533 131
765 1481 844 1533 recte
870 1474 940 1534 citet
965 1475 1132 1550 exemplum
1159 1473 1324 1550 (nummum
1351 1475 1429 1534 enim
1456 1478 1669 1536 contorniutum

341 1599 428 1656 quem
457 1579 557 1638 dieunt
584 1577 691 1636 offerre
718 1595 778 1634 non
806 1576 917 1652 debuit)
947 1576 1048 1634 titulus
1077 1583 1124 1634 est
1149 1575 1280 1634 urbanus
1306 1575 1427 1635 Merinii
1454 1579 1528 1636 ΑΝ.
1552 1598 1582 1655 p.
1598 1579 1668 1638 363:

345 1677 591 1756 T.Ftaoto.11up.
616 1678 635 1735 l.
652 1677 809 1737 Soteriolro.
853 1677 889 1736 In
909 1677 985 1736 notis
1007 1677 1166 1736 Arvalium
1189 1677 1303 1738 similes
1325 1679 1450 1739 mendae
1472 1679 1618 1759 incipiunt
1637 1682 1670 1739 nb

345 1801 423 1841 anno
440 1781 505 1841 -183
529 1780 578 1857 (C.
593 1779 650 1853 VI,
672 1779 766 1839 2099:
790 1779 935 1850 buculam,
957 1777 1247 1856 199999991199919).

1237 1909 1670 1920 --Ἢ

648 1997 795 2056 DYMEi
818 1995 908 2073 (Kato
929 1995 1057 2074 Achaia)
1084 1997 1175 2076 (Eph.
1192 1997 1237 2056 IV
1259 2017 1289 2075 p.
1305 1999 1370 2074 45).

343 2119 409 2180 188
431 2119 509 2197 Eph.
526 2118 571 2176 lv
586 2137 613 2194 p.
631 2117 669 2176 45
694 2137 722 2176 n.
740 2115 789 2174 84.
822 2116 908 2176 Vidit
921 2117 1057 2195 Pnrgold
1078 2126 1238 2196 utrumque
1260 2119 1439 2196 exemplum,
1461 2119 1567 2196 legens
1589 2122 1618 2180 in
1633 2122 1670 2179 el-

386 2231 450 2280 tero
472 2223 489 2280 3
514 2236 608 2278 mnus.

344 2372 409 2434 189
437 2374 513 2449 Eph.
535 2372 579 2431 IV
600 2392 628 2448 p.
646 2372 684 2431 46
707 2393 736 2432 n.
754 2370 802 2431 88.
851 2373 998 2450 Purgold,
1030 2375 1082 2451 qui
1110 2375 1226 2435 litteras
1255 2375 1446 2454 neglegenter
1475 2376 1585 2436 incisos
1613 2393 1674 2434 esso

386 2477 437 2547 919,
460 2475 577 2552 excepit
599 2475 656 2534 sio:
908 2481 1110 2806 ccmo]

950 2611 1077 2654 cuntur

948 2711 1100 2768 srssoys

346 2817 493 2877 Videntur
514 2817 605 2893 igitur
630 2818 642 2874 l
668 2818 717 2875 fin.
740 2827 770 2876 et
792 2817 809 2874 3
833 2819 882 2876 fin.
905 2816 1050 2893 quaedem
1072 2818 1220 2877 elemento
1240 2820 1414 2878 desiderari.

349 2940 449 2947 ——-
670 2940 692 2946 -,
885 2939 1028 2946 —.-.--—
1046 2939 1205 2946 -—--...—
1225 2942 1404 2947 -——.—..-—.

1067 2959 1441 2966 --——.--———-
1461 2963 1674 2970 ——..-.,.

659 3045 832 3105 999999
860 3045 902 3123 (p.
919 3047 968 3106 99.
986 3046 1055 3106 oss.
1093 3048 1171 3125 spu.
1188 3048 1233 3107 rv
1256 3068 1284 3125 p.
1301 3048 1365 3123 47).

347 3184 415 3244 190
437 3184 540 3244 Patris
562 3184 593 3242 in
615 3183 688 3244 villa
709 3183 837 3262 proxeni
859 3185 969 3242 summi
985 3185 1093 3244 Wood.

907 3297 929 3380 l·
944 3319 958 3362 s
970 3319 985 3363 s
997 3321 1005 3361 ι
1017 3319 1065 3362 vs
1090 3325 1104 3355 ⁶

946 3421 1039 3476 lelt
1062 3426 1076 3458 9

626 3716 872 3779 comnenus
900 3717 942 3793 (p.
960 3717 1008 3777 99.
1025 3719 1095 3780 osu.
1133 3721 1209 3797 spu.
1226 3721 1270 3782 1v
1293 3743 1322 3800 p.
1339 3725 1401 3800 48).

348 3856 407 3917 191
435 3858 474 3915 ad
502 3877 530 3915 9.
553 3857 621 3915 540.
678 3853 760 3915 Saxo
812 3853 878 3914 192
904 3856 1008 3916 eodem
1034 3857 1101 3916 loeo
1127 3859 1225 3918 simile
1271 3861 1335 3920 los
1359 3863 1428 3920 item
1453 3863 1583 3920 tertium.

390 3959 487 4018 incisa
508 3959 617 4017 litteris
646 3958 761 4033 magnis
855 3976 970 4017 saxum.

391 4059 601 4118 Acrocorinthi
629 4059 660 4117 in
692 4078 760 4134 por-

351 3490 523 3567 Deseripsit
543 3487 686 3565 Purgold.

354 3629 639 3638 -ιι-----.-...-

392 4169 451 4232 tae,
472 4180 526 4238 per
544 4179 634 4236 quam
649 4161 710 4218 itur
724 4161 762 4220 nd

391 4262 519 4336 iontem,
545 4262 608 4340 pile
630 4261 761 4322 sinistre.
1393 4323 1486 4363 ΜΗ
1501 4321 1523 4364 0

453 4415 628 4466 nvssrvs
919 4416 1081 4460 nvcsro
1413 4423 1525 4464 mro-m

492 4501 543 4558 lxu
576 4517 594 4558 κ
624 4519 644 4558 Α
950 4517 1025 4560 von
1047 4517 1113 4560 uec
1446 4523 1512 4566 sss

349 4623 518 4700 Descripsit
539 4632 600 4686 tres
621 4627 676 4688 hos
698 4627 804 4688 titulos
825 4629 892 4687 loh.
915 4626 1051 4687 Schmidt
1071 4638 1105 4687 99
1125 4630 1224 4705 potuit
1245 4635 1366 4704 propter
1388 4627 1445 4686 looi
1471 4629 1680 4688 obscuritatem

349 4727 502 4802 ediditque
523 4728 618 4788 111991.
642 4731 690 4790 des
713 4731 791 4790 urolt.
815 4729 945 4789 Instituit
968 4732 998 4788 in
1020 4729 1114 4789 Athen
1137 4733 1155 4790 6
1178 4729 1289 4807 (1881)
1311 4749 1339 4805 p.
1357 4729 1427 4790 355.

391 4829 585 4903 Emendatio,
615 4850 703 4908 qusm
725 4831 755 4888 in
779 4829 910 4890 9999919
931 4829 1027 4890 editor
1047 4833 1190 4909 proponit
1211 4849 1254 4890 v·
1271 4849 1302 4890 10
1318 4861 1325 4876 ·
1342 4847 1419 4902 sve,
1446 4849 1552 4908 purum
1574 4833 1682 4911 placet,

350 4950 419 4990 oum
442 4932 473 4990 in
495 4934 591 5006 prims
612 4933 682 4990 item
703 4948 724 4990 9
738 4933 817 4991 nude
831 4950 964 4992 mensem
980 4933 1134 5010 significet.
1170 4933 1315 4993 Fortasse
1337 4943 1495 5010 utrumque
1514 4955 1550 4994 eo
1565 4937 1682 4994 nomine

352 5033 472 5092 defendi
495 5041 602 5108 potest,
624 5032 704 5108 qnod
727 5051 803 5093 sexa
824 5034 922 5093 ineisa
944 5044 1013 5094 sunt
1034 5045 1096 5094 tum
1119 5054 1186 5094 oum
1209 5035 1329 5095 9919919
1343 5034 1485 5096 Caesaris
1499 5039 1622 5096 condite
1636 5039 1683 5109 sit,

352 5143 422 5193 ante
442 5143 585 5193 mutatum
606 5153 715 5194 nomen
737 5135 848 5195 mensis
871 5138 976 5195 ootsvi.
1032 5152 1071 5196 cc
1093 5145 1191 5196 sutem
1213 5157 1268 5214 pro
1290 5157 1415 5197 numero
1448 5141 1541 5218 nooipi
1563 5141 1681 5217 poterit.

348 5267 392 5288 .-
416 5235 451 5292 19
474 5238 562 5295 tertis
582 5236 673 5294 fuerit
693 5254 815 5296 necesse
836 5245 883 5298 est
904 5255 1172 5297 mmm-mss
1196 5239 1243 5299 vel
1265 5255 1325 5298 smt
