3348 5926
195 1776 716 1893 osssuavnriuaas
755 1778 1232 1894 EPIGRAPHIOAE.

640 2033 792 2042 ..-

215 2203 371 2262 XXXIX.
415 2201 628 2266 PRINGEPS
651 2201 812 2264 OFFICII
834 2201 977 2264 AGENS
1001 2203 1048 2263 IN
1070 2203 1212 2265 REBVS.

92 2378 217 2438 Iacobus
241 2377 453 2448 Gotbolredus,
476 2380 525 2454 qui
546 2379 674 2438 labentis
696 2379 739 2436 rei
763 2379 897 2455 publicae
920 2379 1074 2439 Romanae
1094 2381 1230 2438 notitiam
1251 2379 1294 2438 ita
1316 2379 1382 2437 sun·

57 2478 144 2551 davit,
173 2489 204 2538 ut
228 2481 313 2538 nobis
337 2483 474 2540 omnibus
497 2481 594 2540 adhuc
621 2483 661 2539 sit
687 2499 821 2540 summus
846 2483 1002 2560 magister,
1031 2500 1108 2558 quae
1134 2481 1170 2539 de
1197 2481 1381 2558 principibus

56 2583 216 2642 officiorum
238 2583 418 2661 exposuitl)
441 2585 478 2642 ab
496 2604 531 2642 eo
547 2584 616 2642 inde
632 2593 764 2660 tempore
782 2597 814 2642 ut
830 2584 890 2642 alia
904 2585 1046 2661 pleraque
1061 2586 1091 2642 in
1108 2583 1281 2643 enchiridiis
1297 2603 1382 2662 repe·

55 2690 158 2743 tuctur.
204 2681 266 2744 Sed
288 2687 335 2743 vel
357 2686 469 2763 optimo
492 2687 566 2744 duce
588 2685 749 2762 adsumpto
771 2687 885 2762 passim
909 2687 1002 2745 errari
1024 2687 1080 2747 boc
1101 2705 1221 2764 quoque
1243 2687 1382 2762 exemplo

56 2789 256 2860 confirmatur,
284 2807 379 2864 neque
402 2805 449 2846 res
472 2789 595 2865 indigna
620 2797 667 2846 est
694 2807 772 2865 quae
798 2789 969 2864 diligentius
997 2789 1217 2860 consideretur;
1245 2787 1275 2846 id
1302 2789 1381 2848 enim

56 2890 129 2964 quod
151 2891 360 2949 difficillimum
383 2891 440 2948 fuit
461 2891 536 2948 tanti
557 2890 673 2966 imperii
697 2890 984 2949 administrationem
1006 2892 1044 2949 ab
1067 2909 1127 2950 uua
1149 2891 1220 2950 sede
1239 2890 1383 2948 contineri

56 3001 82 3048 et
101 2994 171 3068 regi,
194 2993 260 3051 eius
283 2994 326 3051 rei
349 3011 407 3050 non
430 2992 553 3050 minima
574 3011 644 3068 pars
667 2993 724 3050 luit
744 2993 912 3070 principum
934 2993 1102 3052 institutum
1125 2993 1195 3052 licet
1216 2993 1254 3050 ad
1271 2992 1383 3051 officia-

55 3092 93 3150 les
116 3095 198 3154 solos
222 3095 384 3171 pertinens.
421 3092 499 3152 Nam
523 3095 602 3170 quod
624 3113 702 3153 nunc
726 3113 797 3154 usus
820 3097 951 3154 ostendit
973 3097 1062 3154 rebus
1085 3096 1223 3172 gerendis
1239 3113 1299 3153 non
1314 3113 1383 3152 raro

55 3197 144 3273 magis
167 3213 310 3275 praeesse
333 3197 383 3272 qui
406 3197 628 3273 magistratibus
654 3216 760 3272 parere
785 3197 923 3256 dicuntur
951 3217 1041 3274 quam
1068 3199 1151 3275 ipsos
1179 3197 1383 3276 magistratus,

55 3297 82 3355 id
102 3300 178 3376 apud
203 3299 357 3356 Romanos
380 3317 500 3374 quoque
523 3299 664 3370 obtinuit;
687 3299 765 3356 inter
786 3299 933 3358 officiales
956 3311 1054 3358 autem
1077 3299 1166 3377 longe
1187 3299 1316 3374 primum
1338 3299 1384 3356 lo-

56 3419 117 3458 cum
138 3402 291 3478 principes
314 3401 482 3460 officiorum
505 3409 670 3459 tenuerunt.

93 3503 321 3562 Administratio
343 3504 463 3578 imperii
488 3503 681 3562 Diocletiana
702 3521 768 3561 cum
796 3504 826 3560 in
853 3503 921 3560 aliis
947 3502 1141 3578 aequabiliter
1167 3503 1304 3560 instituta
1329 3502 1385 3561 suit

55 3612 82 3660 et
105 3605 142 3662 ad
169 3605 296 3664 eandem
322 3606 450 3663 formam
478 3615 597 3676 exacta,
627 3613 689 3663 tum
717 3605 894 3680 quicumque
922 3604 1084 3664 secundum
1112 3623 1177 3662 eam
1205 3612 1257 3662 aut
1283 3605 1385 3662 civilia

55 3707 166 3783 negotia
190 3707 417 3778 administrant,
447 3708 507 3765 sive
529 3725 583 3782 per
604 3716 705 3784 partes
728 3707 859 3782 imperii,
883 3705 999 3765 scilicet
1020 3705 1162 3780 praelecti
1184 3706 1333 3784 praetorio
1355 3715 1386 3764 et

55 3809 165 3866 urbium
189 3809 313 3868 duarum
335 3810 500 3886 regiarum,
528 3809 591 3868 sive
613 3828 666 3885 per
687 3809 853 3881 dioeceses,
877 3809 994 3868 scilicet
1015 3809 1134 3880 vicarii,
1157 3809 1220 3867 sive
1241 3828 1294 3884 per
1317 3827 1385 3884 pro·

55 3911 178 3983 vincias,
208 3911 320 3970 scilicet
347 3911 544 3987 proconsules
572 3912 801 3990 praesidesque,
831 3921 883 3970 aut
908 3918 1051 3988 praesunt
1076 3912 1164 3970 rebus
1194 3911 1385 3983 militaribus,

56 4013 164 4071 scilicet
186 4031 240 4089 per
261 4014 370 4092 gradus
392 4015 526 4088 magistri
550 4015 692 4086 rnilitum,
719 4015 857 4086 comites,
886 4014 992 4086 duces,
1020 4014 1077 4072 hoc
1099 4032 1255 4072 commune
1276 4013 1387 4072 babent

56 4115 193 4188 universi,
217 4125 248 4174 ut
271 4116 398 4194 singulis
421 4117 644 4193 magistratibus
667 4117 717 4192 qui
740 4116 922 4175 attribuatur
944 4115 1091 4175 officiales
1114 4123 1253 4193 regantur
1272 4135 1291 4174 a
1305 4117 1385 4192 prin·

56 4217 117 4292 cipe
149 4215 259 4292 uno').
305 4215 419 4276 Contra
440 4219 623 4294 reliquorum
650 4220 879 4296 magistratuum
908 4218 1019 4291 officia,
1046 4219 1182 4295 magistri
1209 4217 1385 4290 officiorum,

56 4319 193 4378 comitum
216 4337 370 4378 sacrarum
392 4320 585 4398 largitionum
608 4333 637 4380 et
654 4342 751 4380 rerum
767 4323 962 4399 privatarum,
986 4321 1127 4379 comitum
1144 4320 1387 4392 domesticorum,

56 4423 217 4498 principem
239 4439 299 4480 non
321 4422 440 4482 habent
484 4423 630 4500 Princeps
653 4423 702 4482 ille
725 4423 803 4482 unde
826 4425 925 4482 veniat
946 4431 976 4482 et
997 4443 1016 4482 a
1043 4441 1102 4498 quo
1136 4423 1334 4481 constituatur
1360 4421 1388 4479 si

56 4525 183 4596 quaeris,
206 4523 277 4600 quid
299 4525 336 4582 de
358 4543 393 4583 ea
413 4543 445 4582 rc
468 4525 671 4600 disposuerint
687 4526 895 4585 Diocletianus
917 4526 1028 4601 quique
1049 4544 1117 4583 eum
1136 4524 1272 4602 proxime
1292 4524 1387 4583 secuti

57 4637 130 4698 sunt,
151 4628 343 4704 ignoramus,
366 4627 424 4685 nisi
446 4626 526 4702 quod
549 4627 719 4702 praesidum
742 4629 821 4703 parti
842 4627 1006 4705 principem
1028 4627 1149 4686 missum
1172 4644 1240 4686 esse
1262 4644 1280 4682 a
1301 4643 1387 4703 prae-

56 4727 130 4786 fecto
162 4729 244 4788 urbis
264 4727 379 4787 Romae
412 4737 442 4787 et
473 4732 638 4805 imperante
669 4728 868 4789 Constantino
902 4739 932 4788 et
963 4745 1066 4788 rursus
1099 4731 1153 4787 sub
1175 4727 1387 4789 Valentiniano

114 4967 135 5030 ¹)
156 4971 309 5022 Praesertim
329 4973 362 5022 ad
383 4971 411 5022 C.
426 4973 476 5022 Tb.
497 4973 522 5035 8,
541 4973 567 5035 4,
589 4974 631 5022 10.
678 4974 744 5023 Eam
770 4979 909 5039 sequnntur
934 4979 959 5022 et
983 4972 1027 5021 alii
1051 4977 1076 5021 et
1099 4970 1388 5035 Bethmann·Hollrreg

60 5055 224 5128 Cirilproceaa
243 5065 345 5126 3,143.
956 5129 958 5136 γ

113 5151 136 5214 ²)
156 5155 229 5205 ldero
248 5157 339 5206 calami
359 5171 443 5206 errore
462 5157 584 5221 magistro
603 5158 715 5209 militum
734 5175 779 5224 per
798 5159 928 5210 Orientem
947 5157 1019 5208 alteri
1039 5157 1149 5207 adscribi
1173 5156 1299 5221 principes
1323 5155 1387 5204 duos

56 5243 115 5294 Not.
130 5245 174 5297 Or.
188 5249 213 5312 6,
228 5250 262 5298 72
283 5255 356 5300 extra
375 5248 481 5300 dubium
499 5255 544 5299 cst.
