3444 5932
252 1833 823 1949 osssnuvlllonns
886 1831 1398 1946 EPIGRAPHIOAll.

299 2317 452 2376 XXXIV.
498 2313 773 2376 OFFIOIALIVM
794 2314 850 2373 ET
873 2313 1058 2373 MILITVM
1079 2312 1353 2374 ROMANORVM

475 2454 708 2508 SEPVLCRII'IA
728 2452 803 2504 DVO
823 2451 1174 2505 CAR'I'HAGINIENSIA.

218 2626 344 2703 Epistula
369 2629 545 2688 eolonornm
572 2629 668 2688 saltus
689 2627 868 2686 Burunitani
890 2627 928 2685 ad
954 2623 1186 2702 commodum)
1219 2645 1313 2705 nuper
1337 2631 1369 2685 in
1390 2627 1495 2688 Africa

182 2727 321 2788 eruderatus
340 2751 407 2790 onm
429 2731 508 2790 inter
529 2730 589 2788 alia
611 2731 765 2808 complura
783 2745 838 2787 nos
854 2727 1005 2787 docuisset
1019 2736 1243 2804 procuratorem
1259 2725 1400 2788 Caesaris
1415 2730 1494 2788 stri-

179 2847 230 2887 eae
249 2839 349 2892 tractus
369 2831 633 2909 Karthaginiensis
659 2841 690 2890 et
711 2831 811 2891 sedem
838 2830 978 2890 habuisse
998 2829 1186 2908 Karthagine
1211 2838 1241 2890 et
1267 2830 1494 2908 tabulariumt),

174 2937 278 2990 retecta
300 2953 376 2994 anno
397 2934 473 2994 1881
502 2934 539 2991 ad
562 2934 660 3009 ipsam
681 2931 898 3010 Karthaginem
922 2931 1091 3008 sepuloreta
1113 2932 1171 2990 duo
1193 2931 1257 2990 eius
1280 2933 1420 2990 tabularii
1443 2933 1495 2991 ad-

174 3033 351 3094 mihistranrli
373 3036 506 3113 aliquam
527 3035 688 3112 imaginem
703 3035 792 3094 nobis
809 3033 1081 3111 suppeditaverunt,
1104 3051 1195 3110 quam
1210 3035 1265 3093 hoo
1279 3034 1357 3106 loeo,
1381 3034 1495 3093 seilioet

63 3200 70 3247 ι
172 3133 202 3191 iu
225 3136 329 3216 sylloge
349 3136 452 3198 Caroli
471 3135 578 3197 Graux
596 3137 757 3196 memoriae
777 3135 969 3195 honorandae
989 3135 1184 3212 destinatas),
1207 3135 1401 3196 enarrandam
1421 3137 1494 3195 mihi

66 3250 72 3295 t
169 3239 291 3315 sumpti,
310 3239 392 3315 quod
414 3247 550 3298 versatur
571 3257 619 3298 res
641 3239 673 3297 in
695 3246 776 3298 statu
798 3238 921 3315 antiquo
942 3255 1009 3296 oum
1025 3237 1145 3296 Afrioae
1166 3237 1256 3298 hodie
1272 3236 1410 3298 Gallicae
1431 3245 1494 3298 tum

174 3333 286 3399 Galliae
305 3341 410 3417 ipsius.
446 3339 526 3399 Nam
548 3340 781 3418 privilegiorum,
804 3339 912 3416 quibus
935 3339 1160 3416 inscriptionum
1176 3338 1350 3399 Latinarum
1373 3358 1494 3400 enarra·

172 3448 249 3500 tores
269 3450 399 3516 utuntur,
421 3459 482 3501 non
504 3441 641 3501 ultimum
663 3443 720 3501 hoo
741 3449 797 3513 est,
824 3441 903 3518 qnod
926 3447 1132 3517 argumentum
1155 3441 1181 3500 si
1203 3441 1284 3518 quod
1306 3449 1442 3514 tractant,
1464 3443 1495 3502 id

86 3598 92 3617 ‚
173 3541 261 3603 doctis
280 3545 399 3620 quidem
422 3544 559 3602 omnihus
581 3561 738 3603 eommnne
758 3550 818 3615 est,
848 3542 902 3602 sed
928 3541 1005 3602 idem
1033 3553 1123 3620 prout
1148 3561 1197 3602 res
1222 3543 1325 3601 inoidit
1350 3543 1420 3602 huie
1447 3544 1494 3602 vel

87 3626 92 3665 i
174 3641 214 3701 illi
232 3646 342 3705 nafioni
363 3647 460 3722 magis
483 3645 636 3722 proprium
657 3653 688 3702 et
708 3645 931 3720 quodammodo
952 3645 1098 3721 patrium3
1127 3661 1223 3720 neque
1247 3645 1389 3703 abhorret
1415 3645 1494 3703 eius·

173 3747 246 3804 modi
265 3747 428 3825 ellsputatio
451 3745 552 3806 Gallis
579 3746 768 3822 potissimum
793 3766 813 3804 a
835 3744 985 3806 Germano
1012 3747 1160 3805 destinata
1186 3766 1204 3804 a
1231 3747 1375 3804 momoria
1401 3746 1494 3805 hono-

174 3847 258 3907 randa
276 3849 341 3907 eius
362 3848 432 3920 viri,
453 3849 505 3924 qui
526 3867 581 3925 per
603 3847 693 3906 vitam
713 3855 746 3905 ut
759 3847 880 3906 brevem
896 3855 925 3905 et
939 3847 1133 3920 laboriosam,
1155 3849 1198 3906 ita
1211 3847 1315 3907 utilem
1331 3856 1361 3906 et
1376 3847 1494 3924 plenam

177 3955 319 4027 utramque
340 3949 409 4028 pari
430 3949 574 4026 religione
596 3951 692 4008 tenuit
712 3960 743 4008 et
764 3949 845 4008 cives
867 3967 924 4009 nos
947 3968 1011 4010 esse
1030 3951 1077 4008 sui
1093 3968 1238 4027 quemque
1254 3949 1356 4028 populi
1373 3957 1401 4009 st
1416 3950 1495 4008 litte·

103 4094 107 4103 .
173 4070 262 4110 rarum
283 4051 499 4111 humanitatem
520 4051 612 4112 nuilla
633 4051 851 4112 territoriorum
872 4051 983 4111 finibus
1007 4051 1162 4112 contineri.

221 4255 246 4325 ¹)
267 4259 296 4311 G.
311 4261 392 4323 VIII,
415 4261 512 4312 10570.
555 4262 625 4311 Aere
650 4275 797 4326 expressam
817 4263 952 4327 proposuit
972 4262 1081 4314 Carolus
1100 4263 1188 4313 'Iissot
1214 4259 1326 4330 Comptes
1348 4261 1441 4313 rendae
1464 4261 1495 4312 cle

167 4345 322 4403 I'Arade'ma'e
340 4351 385 4404 des
402 4353 567 4420 inscriptions
585 4359 609 4403 et
628 4351 808 4404 belles-lettres
829 4355 900 4404 1880
920 4369 945 4418 p.
961 4353 1003 4404 86.
1041 4355 1283 4420 Interpretationem
1304 4355 1363 4404 dedi
1384 4355 1494 4405 Hermae

55 4445 62 4473 r
165 4445 213 4495 rol.
228 4445 279 4495 XV
299 4444 394 4508 (1880)
414 4461 440 4510 p.
456 4445 610 4496 ssa-411.
630 4446 785 4496 tta-ssa.

219 4533 244 4598 ²)
264 4536 359 4586 Coloni
377 4537 412 4586 ad
428 4537 610 4602 imperatorem
628 4537 664 4587 sio
678 4537 792 4588 scribunt
805 4539 861 4599 3,9
882 4552 949 4603 seq.:
972 4545 999 4587 ut
1017 4553 1043 4588 se
1061 4535 1153 4588 tabent
1172 4537 1253 4589 littere
1269 4537 1492 4606 proritantem),

164 4644 225 4698 qnae
244 4634 301 4678 aaut
319 4628 346 4678 in
365 4625 519 4692 t[ab]alurio
540 4635 581 4679 tao
600 4635 696 4679 tructas
708 4625 961 4696 Kurtlap(inieaaia).
990 4630 1055 4680 Dixi
1069 4630 1101 4679 de
1114 4631 1322 4694 procuratoribus
1335 4632 1376 4682 his
1390 4633 1419 4683 C.
1428 4633 1495 4682 VIII

164 4721 244 4789 prael.
263 4735 289 4784 p.
302 4720 392 4770 XVIL

221 4809 245 4873 ¹)
265 4810 473 4862 Commentarius
492 4813 601 4878 eariptns
620 4813 669 4863 luit
691 4813 841 4864 inserendus
865 4815 979 4879 ayllogae
1002 4828 1078 4879 qnam
1102 4815 1197 4880 egregii
1222 4815 1270 4864 viri
1294 4815 1381 4867 Caroli
1405 4815 1495 4866 Graux

165 4919 244 4972 nuper
260 4904 400 4956 immatura
419 4911 502 4956 morte
521 4905 597 4956 nobis
619 4906 700 4970 erepti
723 4907 864 4956 memorias
883 4905 996 4956 Parisini
1020 4911 1045 4954 et
1069 4907 1198 4970 peregrini
1222 4907 1298 4956 amiel
1322 4907 1376 4956 eins
1400 4911 1426 4954 et
1450 4906 1495 4956 ad-

166 5000 298 5050 miratores
317 4995 509 5048 dedioaveruut.
543 4996 677 5062 Repetitnr
696 4996 746 5048 hoo
765 4997 823 5048 loeo
841 5004 947 5063 propter
966 4999 1030 5048 duas
1049 5011 1148 5060 causas,
1168 5013 1226 5048 oum
1242 4997 1311 5062 quorl
1324 5013 1416 5062 eorpus
1432 4998 1496 5047 illud

166 5088 306 5155 amanensi
325 5087 433 5138 miseelli
453 5088 487 5138 ad
507 5088 600 5140 horum
620 5089 763 5140 studiorum
783 5089 892 5140 cultores
912 5105 1001 5141 omnes
1020 5107 1073 5142 non
1092 5095 1274 5155 perventurum
1294 5095 1340 5150 set,
1360 5095 1413 5138 tum
1427 5089 1496 5154 quod

168 5189 220 5249 post
238 5181 360 5246 seriptum
379 5181 593 5232 commentarium
610 5181 691 5232 altero
714 5181 856 5247 sepulereto
880 5182 1010 5248 patefacto
1035 5183 1101 5233 tituli
1125 5181 1239 5234 eiusdem
1263 5181 1407 5246 argumenti
1427 5197 1496 5232 eom-

66 5266 86 5304 '¹·
166 5275 246 5341 plnres
266 5279 437 5330 amaseorum.
