3444 5932
305 591 374 662 112
880 607 1063 660 uouusuu

301 792 531 842 consentaneum
555 789 610 842 est.
644 781 859 840 Procuratores
875 781 1029 857 regionum
1045 780 1104 838 duo
1120 797 1245 856 quorum
1262 779 1330 839 inde
1345 780 1446 856 elogia
1461 779 1640 856 prodierunt

300 885 438 954 libertini,
456 893 525 944 sunt
546 893 575 942 et
596 884 689 942 infimi
713 883 843 954 ordinis,
876 882 980 959 quales
1003 891 1160 959 praeterea
1181 883 1319 941 novimus
1342 882 1436 940 saltus
1459 881 1640 957 Massipiani

301 996 330 1044 st
352 987 466 1045 castelli
489 981 716 1061 Burunitani¹).
761 983 875 1042 Horum
898 985 1035 1043 condicio
1061 1003 1208 1060 quaenam
1234 985 1339 1057 fuerit,
1369 984 1572 1042 illustrabitur
1600 983 1640 1040 iis

302 1107 378 1164 quae
400 1107 470 1146 mox
492 1087 635 1146 dicentur.

345 1191 522 1249 Adiutorum
544 1189 685 1248 tabularii
707 1190 771 1247 sire
793 1187 1009 1247 tabulariorum
1033 1187 1115 1263 (nam
1138 1197 1168 1247 et
1189 1189 1351 1267 singularis
1368 1197 1397 1246 et
1411 1187 1539 1264 pluralis
1554 1205 1642 1264 repe-

302 1293 378 1350 ritur
399 1291 597 1368 perscriptus)
619 1309 687 1348 cum
709 1309 846 1369 magnam
870 1291 987 1368 capiam
1011 1291 1089 1348 tituli
1112 1298 1172 1349 tam
1189 1291 1286 1350 Italici
1309 1309 1398 1367 quam
1414 1289 1641 1366 provinciarum
1719 1309 1720 1312 ¹

303 1394 506 1471 suppeditent,
539 1393 590 1470 qui
617 1411 717 1450 eorum
745 1395 776 1450 in
803 1393 911 1452 officiis
938 1392 1062 1450 urbanis
1089 1399 1261 1464 versantur,
1294 1392 1324 1450 id
1350 1393 1448 1468 ipsum
1478 1409 1540 1450 non
1570 1409 1642 1449 raro
1719 1433 1720 1438 η

303 1496 471 1566 enuntiant,
504 1493 680 1570 praesertim
713 1495 975 1554 honoratissimum
1009 1494 1141 1553 omnium
1173 1513 1192 1552 a
1223 1492 1444 1570 rationibue²)‚
1481 1492 1536 1551 sed
1569 1493 1644 1550 item

302 1597 462 1656 vicesimae
483 1594 731 1671 hereditatium³)
765 1597 896 1672 aliaque3
930 1603 1034 1654 contra
1055 1598 1106 1672 qui
1129 1597 1300 1656 ministrant
1326 1597 1357 1655 iu
1382 1595 1545 1654 tabulariis
1572 1613 1645 1670 pro-

303 1699 481 1772 vinciarum,
514 1705 631 1773 praeter
653 1697 879 1773 provinciam4)
913 1715 1020 1756 munus
1043 1699 1241 1757 determinare
1263 1717 1322 1758 non
1346 1698 1458 1772 solent,
1492 1707 1523 1756 et
1551 1697 1645 1774 primi
1719 1691 1720 1708 ²

305 1809 375 1859 suut
396 1800 427 1858 ni
448 1799 539 1858 fallor
561 1799 620 1858 duo
642 1799 720 1857 tituli
742 1817 834 1877 supra
854 1799 942 1858 relati
964 1809 993 1858 et
1015 1801 1112 1860 adhuc
1133 1801 1201 1872 soli,
1223 1802 1274 1878 qui
1289 1800 1496 1877 exceptionem
1516 1799 1645 1858 iaciant.

305 1903 497 1961 Tributorum
521 1909 620 1960 antem
642 1901 887 1974 additamentum,
909 1909 1050 1978 quantum
1074 1913 1209 1980 apparet,
1230 1903 1260 1960 id
1282 1901 1487 1962 tantummodo
1503 1901 1647 1960 enuntiat

305 2005 383 2081 quod
406 2003 444 2062 ad
466 2021 569 2062 omnes
590 2003 645 2062 hos
668 2003 770 2062 titulos
791 2003 943 2080 perrenit3
965 2023 1033 2062 nam
1057 2005 1237 2064 tabularium
1264 2015 1294 2064 et
1314 2006 1371 2064 hoc
1392 2003 1556 2081 etreliqua
1571 2023 1645 2079 pro-

290 2085 446 2165 ‘vincialra
467 2105 643 2164 tributorum
666 2122 759 2164 causa
779 2107 941 2164 constituta
957 2115 1036 2164 sunt.
1052 2139 1092 2150 -
1108 2105 1222 2166 Contra
1235 2109 1351 2165 adiutor
1365 2106 1495 2165 tutaturi
1507 2125 1528 2164 a
1542 2124 1647 2164 meuse

312 2208 436 2284 Vapeuei
456 2215 486 2266 et
507 2225 542 2266 eo
565 2208 684 2266 nornine
706 2227 725 2264 a
746 2206 869 2284 collegis
890 2207 997 2280 differt,
1020 2209 1099 2284 quod
1121 2209 1278 2267 libertinus
1300 2216 1356 2279 est,
1378 2207 1486 2285 reliqui
1510 2225 1573 2267 uno
1589 2227 1646 2267 ex-

305 2319 391 2386 cepto
414 2309 503 2382 servi,
526 2317 555 2368 et
574 2309 759 2386 aliquantum
774 2308 847 2367 facit
861 2309 897 2366 ad
913 2309 1100 2369 tributariam
1116 2309 1644 2368 administrationemelucidandam.

305 2411 452 2488 Iungendi
475 2420 573 2470 autem
597 2419 667 2469 sunt
688 2429 754 2469 cum
778 2411 835 2468 hoc
857 2409 942 2468 titulo
969 2411 1021 2470 alii
1046 2411 1120 2484 duo,
1148 2411 1223 2471 alter
1249 2431 1287 2470 ex
1316 2411 1419 2470 eodem
1447 2421 1647 2470 monumento

306 2513 442 2590 prolatus
465 2514 673 2590 dispensatorie
695 2515 819 2588 reptante
842 2512 1028 2588 Thuqqeueie,
1050 2533 1118 2572 nam
1140 2531 1245 2572 mensa
1266 2521 1299 2570 ut
1319 2532 1418 2572 arcam
1440 2514 1580 2590 requirit,
1604 2513 1647 2571 ita

307 2615 499 2692 dispensator
525 2633 642 2692 quoque
675 2615 724 2672 ubi
757 2613 853 2686 adest,
886 2613 928 2673 ibi
962 2633 1033 2674 arca
1062 2616 1152 2674 luerit
1181 2633 1305 2674 neeesse
1335 2623 1397 2688 est,
1430 2614 1646 2692 colligiturque

306 2717 376 2775 hinc
398 2725 430 2774 ut
444 2716 547 2792 Vagae
568 2717 612 2775 ita
625 2715 769 2795 Thuggae
791 2736 909 2794 quoque
932 2736 1065 2777 mensam
1086 2717 1194 2787 luisse3
1216 2717 1292 2774 alter
1313 2721 1484 2796 nuperrime
1503 2725 1647 2794 repertus

306 2837 400 2896 prope
422 2819 556 2877 Avittam
577 2817 704 2877 Bibbam
725 2819 829 2894 hic⁵):
866 2820 965 2882 Veneri
989 2819 1166 2895 Aup(uetue)
1188 2818 1329 2895 suc(ruru)
1352 2819 1457 2878 Deliae
1480 2819 1648 2878 abascanti

307 2919 462 2996 Aup(ueti)
488 2919 594 2996 ailbei)
621 2921 775 2997 air(arius)
805 2923 940 2982 teloneum
966 2942 985 2979 a
1005 2922 1204 2995 Jirudarueutr's
1231 2940 1285 2978 suo
1312 2923 1440 2997 impenso
1466 2924 1597 2980 restituit
1622 2931 1649 2978 et

308 3023 472 3098 ampliauit,
500 3022 550 3080 ubi
576 3039 643 3080 cum
669 3031 792 3099 propter
818 3025 917 3082 lacum
945 3025 1033 3081 situm
1060 3023 1090 3080 in
1118 3022 1216 3080 media
1237 3023 1341 3080 Africa
1369 3022 1580 3098 proconsulari
1610 3023 1648 3081 de
1719 3071 1720 3074 ,

306 3124 441 3201 portorio
473 3123 598 3199 cogitari
630 3142 691 3182 uon
723 3125 831 3202 possit,
872 3120 1055 3199 rruuvetov5)
1089 3125 1169 3202 quod
1200 3125 1258 3183 fuit
1295 3124 1418 3182 Avittae
1457 3124 1513 3184 sub
1553 3124 1647 3182 rilieo

308 3227 436 3302 Augusti
464 3225 528 3284 iure
555 3233 748 3302 componetur
773 3245 838 3285 cum
865 3245 970 3286 mensa
994 3227 1128 3304 Vagensi
1156 3237 1239 3286 recta
1269 3227 1307 3284 ab
1334 3225 1469 3284 adiutore
1501 3226 1647 3284 tabularii

310 3325 568 3403 Carthaginiensis
582 3328 712 3402 Augusti
731 3327 847 3387 liberto.
886 3327 1009 3389 Scilicet
1030 3328 1208 3388 tabularium
1230 3327 1305 3386 illud
1328 3328 1371 3386 ita
1388 3327 1560 3386 ordinatum
1576 3328 1648 3400 fuit,

310 3441 342 3486 ut
361 3447 415 3507 per
437 3428 570 3506 singulas
592 3435 706 3488 tractas
725 3427 983 3506 Carthaginiensis
1005 3431 1142 3507 regiones
1166 3429 1318 3505 (nimirum
1342 3428 1456 3488 ordinis
1478 3429 1647 3502 inferioris,

308 3550 367 3589 nou
390 3549 426 3590 eo
448 3549 548 3602 seusu,
571 3550 629 3608 quo
651 3531 733 3608 regia
756 3533 966 3609 aequiparatur
981 3531 1101 3608 tractui)
1118 3543 1148 3590 et
1162 3540 1371 3608 procuratores
1386 3549 1435 3590 res
1450 3531 1648 3590 administra-

309 3642 375 3691 rent
396 3633 508 3692 ordinis
529 3633 660 3692 libertini
682 3641 712 3690 et
733 3635 788 3692 sub
809 3635 846 3692 iis
869 3653 989 3693 mensae
1011 3634 1130 3693 fiscales
1154 3634 1217 3692 sive
1239 3635 1370 3690 τελωνεῖα
1388 3634 1649 3692 constituerentur

309 3736 482 3811 praeposito
505 3735 639 3793 adiutore
661 3735 837 3812 adiectoque
858 3735 1066 3814 dispensatore
1087 3745 1118 3794 et
1138 3735 1226 3794 vilico
1252 3753 1319 3793 cum
1347 3735 1460 3792 uicaria
1486 3735 1563 3807 eius,
1592 3755 1648 3812 per

310 3855 385 3913 quae
407 3853 526 3909 mensas
548 3837 638 3896 fiscus
659 3856 736 3913 quae
759 3837 904 3896 solvenda
925 3846 1011 3897 eraut
1038 3847 1221 3910 numeraret,
1248 3855 1324 3913 quae
1346 3837 1532 3914 praestanda
1557 3845 1648 3895 eraut

311 3938 467 4012 acciperet.
504 3937 649 3998 Similiter
670 3939 700 3996 iu
717 3941 856 4015 Aegypto
879 3941 934 3998 sub
949 3939 1131 3998 Ptolemaeis
1155 3958 1207 4014 per
1229 3938 1365 4017 singulos
1382 3956 1487 3996 nonnos
1503 3930 1646 4020 τράπεζαι

310 4027 463 4102 βασιλικαὶ
485 4039 663 4100 constitutae
684 4041 855 4118 fuerumt),
888 4041 1063 4118 videturque
1083 4041 1161 4099 idem
1186 4040 1354 4098 institutum
1382 4057 1563 4116 quamquam
1593 4059 1649 4098 uo·

372 4267 395 4332 ¹)
416 4270 445 4321 C.
460 4269 528 4321 VIII
546 4270 628 4336 praet.
647 4287 673 4336 p.
686 4273 768 4324 XVII
786 4289 811 4324 n.
827 4275 853 4324 2.

369 4359 394 4424 ²)
413 4361 562 4413 Hirschfeld
585 4359 900 4432 Verwaltuupeqesclicdte
918 4366 932 4416 1
952 4381 976 4430 p.
992 4363 1035 4414 33.

369 4449 395 4516 ³)
414 4454 561 4506 Hirschfeld
580 4455 597 4505 l.
609 4471 630 4505 e.
649 4473 674 4521 p.
689 4455 732 4508 68.

368 4543 394 4608 ⁴)
414 4545 444 4596 C.
458 4547 480 4596 Ι.
493 4547 523 4596 L.
542 4547 586 4598 111
610 4564 636 4612 p.
652 4549 731 4600 1133.
783 4549 836 4601 Sed
859 4551 887 4600 iu
913 4549 1046 4600 Africanis
1075 4549 1154 4598 titulis
1183 4547 1318 4614 provincia
1345 4546 1429 4600 adhuc
1457 4554 1564 4614 reperta
1593 4563 1647 4598 non

313 4645 351 4688 est
370 4644 395 4687 et
414 4637 476 4688 alibi
495 4655 596 4705 quoque
615 4655 674 4690 raro
692 4641 847 4706 enuntiatur,
868 4649 955 4706 utpote
975 4657 1051 4707 quam
1071 4643 1142 4692 loeus
1162 4643 1223 4691 eatis
1242 4641 1343 4706 prodat.

372 4728 395 4792 ⁵)
414 4731 481 4780 Eam
508 4733 622 4796 repperit
644 4733 665 4782 I.
690 4734 813 4785 Poiussot
835 4735 862 4784 iu
884 4735 1020 4785 ruderibus
1049 4733 1177 4784 Henschir
1202 4732 1330 4784 Mehimes
1349 4731 1392 4782 ΙΙΙ
1416 4731 1477 4782 chit.
1502 4731 1535 4782 ab
1565 4731 1647 4780 Arita

311 4823 396 4873 Bibba
414 4823 482 4872 inter
500 4823 634 4874 meridiem
654 4831 680 4873 et
699 4825 857 4876 occidentem
877 4827 1008 4892 edtdttque
1031 4827 1059 4876 iu
1080 4825 1137 4890 eph.
1157 4824 1285 4876 Oranensi
1304 4819 1417 4874 Bulletr'u
1440 4822 1486 4873 des
1509 4821 1648 4890 antiquitis

312 4913 547 4978 africaiueerol.1
576 4915 669 4979 (less)
698 4932 723 4980 p.
738 4918 805 4980 ³133
835 4933 933 4968 meeum
961 4918 1194 4968 communicaverat
1216 4924 1276 4967 aute
1298 4930 1375 4982 quam
1396 4916 1514 4981 prodiret
1536 4915 1648 4965 Carolus

312 5007 407 5057 Tiesot.
1270 5003 1276 5014 ¹

371 5095 396 5161 ⁶)
420 5097 548 5150 Telauium
579 5096 703 5163 Cirtenee,
732 5101 801 5168 quad
829 5099 964 5153 Renierius
988 5103 1122 5169 exltiturlo
1146 5107 1266 5166 corrupta
1296 5099 1325 5151 C.
1339 5099 1420 5162 VIlI,
1446 5098 1519 5149 6956
1544 5099 1648 5148 efficere

313 5189 401 5252 voluit,
422 5191 483 5241 inde
501 5183 751 5243 minimoflrmatur.

371 5277 394 5343 l)
414 5282 559 5334 Lumbroso
579 5281 701 5336 e'eouonu'e
717 5283 840 5353 polirique
859 5283 890 5336 de
910 5265 1034 5355 l'ldqypte
1052 5301 1078 5352 p.
1092 5285 1146 5336 330
1165 5299 1218 5351 seq.
