3444 5932
421 621 720 674 onsnsvsnronns
737 622 1025 674 nrmnsrurosn.
1319 607 1389 677 133

89 793 185 852 nobiles
204 811 290 868 quam
313 796 455 853 veterani.
492 793 596 870 ltaque
619 813 708 852 unum
732 813 826 874 genus
849 797 906 854 hoc
926 796 982 854 luit
1004 795 1177 855 officialium
1192 813 1232 855 ex
1248 806 1331 874 parte
1345 798 1396 856 sd·

87 905 214 972 sumptum
234 905 357 972 propter
379 895 503 966 natales,
524 916 562 954 ex
585 904 670 972 parte
691 907 814 974 propter
836 898 974 956 militiam
997 907 1178 956 veteranam.

118 994 295 1055 Consortium
322 1004 523 1072 protectorum
551 997 621 1072 (hoc
643 999 789 1058 vocabulo
811 999 952 1076 deinceps
975 1000 1209 1076 significabimus
1232 1001 1390 1058 universos
1483 993 1487 1002 ’

85 1105 131 1154 tam
151 1108 301 1156 veteranos
328 1117 417 1174 qnam
445 1099 576 1174 nobiles)
603 1100 754 1174 quomodo
778 1101 971 1160 constitutum
999 1102 1100 1174 inerit,
1129 1119 1234 1176 parum
1262 1111 1389 1160 constat.

84 1197 139 1256 lluo
158 1199 270 1258 luerunt
289 1218 404 1276 genera
425 1201 613 1259 militantium
640 1205 716 1260 intra
738 1201 881 1278 palatium
907 1201 956 1278 (C.
973 1202 1030 1261 Th.
1050 1203 1097 1274 16,
1119 1203 1147 1273 5,
1167 1200 1237 1278 tt),
1264 1203 1390 1260 alterum

83 1301 228 1359 scholarum
248 1302 305 1360 snb
321 1303 466 1378 magistro
482 1301 647 1360 officiorum
663 1305 892 1362 constitutarum
908 1305 1106 1362 scutariorum
1122 1303 1276 1380 gentilium
1292 1321 1390 1362 arma·

82 1413 200 1475 tatarum,
221 1402 349 1460 alterum
373 1403 429 1462 hoc
443 1403 674 1463 domesticorum
696 1405 852 1464 comitibus
867 1405 1040 1475 oboediens,
1063 1413 1093 1462 et
1114 1411 1274 1480 propterea
1295 1425 1387 1482 oppo-

82 1514 169 1562 nuntur
188 1504 216 1560 hi
237 1504 372 1563 scholari
395 1504 519 1564 militiae
544 1505 575 1562 in
598 1505 717 1582 legibus
740 1525 765 1566 s.
783 1506 843 1565 346
866 1505 913 1581 (C.
932 1506 989 1566 Th.
1009 1505 1055 1578 12,
1075 1507 1102 1578 1,
1119 1505 1171 1582 38)
1198 1517 1229 1564 et
1252 1507 1311 1566 366
1335 1505 1385 1582 (0.

80 1605 124 1663 Th.
137 1605 162 1676 8,
177 1604 203 1678 7,
219 1605 251 1682 3)
279 1617 311 1664 et
334 1607 365 1662 in
387 1604 503 1664 Notitis
524 1605 727 1682 Dignitatem,
754 1609 999 1685 significaturque
1022 1608 1214 1679 universitas,
1244 1617 1276 1666 ut
1297 1609 1387 1666 modo

80 1707 191 1778 vidimus,
214 1707 363 1765 vocabulo
384 1711 516 1767 consortii
536 1709 754 1784 similibusque.
788 1707 847 1769 Sed
870 1727 939 1768 mox
962 1709 1133 1768 scholarum
1149 1709 1324 1767 vocabulum
1348 1709 1386 1768 ad

80 1809 121 1865 hoc
138 1826 245 1884 quoque
267 1827 364 1885 genus
387 1809 547 1887 porrigitur
562 1819 735 1887 usurpatum
756 1811 794 1868 ab
810 1811 969 1868 Ammiano
992 1809 1056 1886 (26,
1073 1813 1102 1881 5,
1119 1811 1150 1869 3:
1174 1811 1385 1870 domesticorum

79 1911 321 1986 pancitsctolaq
348 1911 395 1982 14,
412 1910 440 1981 7,
456 1910 488 1969 9:
511 1911 615 1968 scholis
634 1910 777 1986 palatinis
800 1921 825 1969 et
842 1922 1032 1987 protectorum
1047 1933 1109 1972 cnm
1124 1915 1256 1972 scutariis
1274 1923 1299 1970 ct
1318 1931 1384 1988 pen-

17 2075 23 2090 ,
84 2011 163 2088 tiliae)
187 2024 215 2070 et
240 2014 274 2070 in
302 2011 568 2070 constitutionibus
590 2012 700 2070 Iuliani
727 2010 775 2087 (O.
793 2013 848 2070 Th.
867 2012 895 2083 6,
912 2011 992 2084 24‚1
1019 2032 1045 2072 a.
1062 2011 1136 2072 362:
1165 2016 1308 2072 domestici
1331 2033 1385 2090 per

87 2114 178 2186 dumbs
202 2132 335 2190 quaeqae
361 2112 503 2187 scholas),
528 2112 732 2172 Valentiniani
761 2112 1030 2188 (Ο.Τ11.6,24,3
1054 2134 1080 2172 a.
1098 2115 1171 2173 364:
1195 2124 1384 2190 protectorum

88 2214 260 2273 arancarum
282 2214 408 2290 schola),
435 2214 602 2274 Theodosii
623 2215 651 2272 ll
674 2213 959 2290 ((1.Τ1ι.6,25,1ε
991 2234 1023 2274 ec
1046 2217 1231 2274 devotissimis
1254 2218 1383 2274 domesti-

83 2331 147 2372 nnm
164 2317 291 2392 salotis).
341 2316 492 2391 Bipertiti,
520 2316 633 2375 scilicet
654 2317 770 2392 equites
793 2316 858 2388 alii,
887 2317 937 2374 alii
968 2316 1083 2393 pedites
1105 2335 1170 2375 cum
1200 2326 1382 2394 protectores

79 2417 104 2472 ab
119 2419 173 2494 ipso
194 2418 281 2476 initio
306 2418 463 2476 videantur
484 2417 588 2490 inisse,
611 2418 686 2476 duae
708 2417 829 2476 scholae
850 2418 981 2494 equitum
1003 2419 1106 2492 altera,
1132 2419 1228 2477 altera
1249 2418 1380 2494 peditum

77 2530 135 2575 ceto
153 2529 275 2578 testatae
298 2537 361 2577 non
385 2527 453 2578 sunt
473 2519 531 2578 nisi
553 2520 583 2576 in
598 2519 862 2578 constitutionibus
878 2520 992 2579 saeculi
1008 2521 1086 2578 sexti
1108 2517 1197 2594 (cot.
1214 2519 1289 2577 lust.
1306 2518 1335 2590 2,
1351 2520 1380 2590 7,

77 2617 111 2688 tt,
123 2620 144 2676 3.
169 2621 211 2691 12,
223 2623 252 2695 7,
269 2624 299 2681 4.
320 2621 364 2696 5).
400 2620 515 2680 Eodem
539 2641 607 2678 num
631 2629 743 2698 spectet
764 2621 890 2698 pluralis
913 2622 943 2678 in
964 2621 1082 2698 legibus
1105 2639 1197 2696 supra
1218 2621 1315 2679 citatis
1331 2621 1381 2680 lu·

74 2717 125 2777 iani
143 2731 169 2780 et
188 2723 358 2780 Theodosii
380 2722 412 2779 ll
439 2733 616 2798 usurpatus,
642 2723 765 2780 dubium
788 2733 847 2792 est,
874 2741 940 2780 cum
963 2722 1108 2799 singulari
1135 2732 1253 2781 utantur
1268 2721 1379 2782 Valen-

73 2821 176 2882 tinianus
197 2832 226 2883 et
247 2824 357 2882 titulus
374 2821 541 2899 Cyzicenus
563 2843 591 2882 n.
609 2822 662 2894 293
686 2826 795 2882 rectius
813 2825 940 2882 fortasse
956 2843 1021 2880 eam
1036 2824 1184 2882 sermonis
1206 2825 1379 2883 inconstan-

73 2923 125 2981 tium
151 2925 215 2983 inde
248 2925 436 3003 explicabis,
469 2925 551 3000 quod
583 2935 705 3002 propter
730 2926 855 2984 instituti
886 2925 1090 2984 condicionem
1119 2943 1188 2984 uere
1220 2926 1377 3001 gemellam

72 3034 224 3098 protectores
257 3027 383 3105 proprie
408 3034 438 3083 et
465 3027 616 3084 domestici
643 3028 763 3103 proprie
791 3037 821 3083 et
848 3045 901 3100 pro
931 3045 989 3084 uno
1018 3029 1169 3085 consortio
1196 3027 1298 3084 haberi
1325 3045 1377 3102 po·

71 3135 164 3185 tusrunt
184 3140 212 3187 et
239 3147 296 3206 pro
321 3129 449 3186 duobus.
473 3160 512 3170 -
535 3128 723 3186 Protectores
745 3129 869 3203 collepas
892 3145 923 3186 se
945 3127 1097 3204 appellant
1122 3129 1152 3185 in
1175 3127 1262 3185 titulo
1285 3145 1378 3205 supra

69 3227 132 3285 nti
151 3240 179 3288 et
202 3231 285 3308 apud
310 3229 502 3288 Ammianum
528 3231 575 3300 15,
592 3231 620 3302 3,
640 3229 686 3288 10.
714 3247 738 3286 c.
756 3230 784 3300 5,
802 3227 850 3287 22.
877 3230 924 3300 18,
941 3229 969 3302 8,
988 3231 1034 3289 11.
1060 3263 1096 3274 —
1119 3231 1288 3288 Actaarium
1307 3249 1376 3306 pro-

69 3337 174 3389 tectorum
195 3333 336 3390 nominat
356 3331 460 3390 titulus
482 3353 510 3390 n.
527 3333 566 3388 44
589 3329 642 3408 (cf.
660 3328 759 3389 Cauer
779 3330 810 3388 in
833 3332 889 3390 hac
910 3331 986 3407 Eph.
1003 3331 1046 3387 IV
1069 3351 1097 3408 p.
1115 3331 1200 3407 430).

96 3432 135 3488 hd
155 3445 390 3510 protectoratum
413 3433 592 3509 pervenitur,
616 3443 648 3490 ut
670 3433 711 3490 ait
731 3433 903 3490 constitutio
914 3432 1119 3490 Valentiniani
1142 3430 1190 3508 (0.
1204 3431 1262 3490 Th.
1279 3433 1308 3503 6,
1325 3431 1374 3504 24,

67 3530 98 3604 3),
114 3539 197 3593 curiis
217 3534 380 3604 itineribus,
403 3535 434 3591 id
456 3543 509 3606 est,
534 3545 565 3592 ut
585 3533 694 3592 ibidem
714 3533 856 3602 innuitur,
878 3541 930 3591 aut
951 3542 1074 3610 propter
1088 3533 1211 3592 emerita
1226 3535 1376 3610 stipendia

66 3643 104 3690 sut
125 3635 219 3694 lavore
246 3635 427 3713 praesertim
454 3635 627 3693 nobilitatis.
671 3634 759 3692 Illam
788 3653 909 3693 causam
936 3633 1151 3692 Constantinus
1178 3636 1313 3692 enuntiat
1344 3636 1375 3693 in

65 3732 116 3809 lege
138 3756 162 3794 a.
182 3736 241 3797 328
275 3735 325 3811 (Ο.
342 3737 400 3794 Th.
417 3738 445 3809 7,
462 3735 510 3808 20,
527 3737 559 3812 5)
587 3754 756 3795 memorans
785 3746 931 3795 veteranos
956 3739 1131 3812 protectoria
1160 3737 1297 3811 dipmtats
1326 3754 1374 3794 cn·

66 3837 177 3908 uelatos,
208 3850 238 3898 et
275 3839 385 3896 diserte
411 3835 608 3914 Symmachus
642 3856 687 3914 ep.
706 3839 733 3908 3,
757 3838 795 3896 67
825 3837 958 3896 Firmum
985 3837 1178 3894 domesticum
1205 3855 1290 3895 suum
1322 3841 1373 3895 mi·

64 3935 126 3996 litiae
156 3941 309 4018 stipendiis
351 3959 413 3998 cam
448 3940 591 3998 tonnam
630 3942 813 4015 perficnctam
855 3939 1065 3997 commendans
1108 3938 1205 3996 amico
1249 3938 1373 4014 lepitima

63 4047 170 4110 praestus
195 4041 432 4102 desiderantem:
466 4041 627 4100 huiusmodi
653 4043 757 4116 quippe
781 4043 921 4100 veteranis
949 4043 1156 4116 praeropatina
1181 4039 1310 4111 aetem,
1342 4049 1373 4098 nt

64 4140 110 4198 illis
129 4155 314 4217 protector-tan
334 4145 462 4218 diunitas
484 4153 626 4218 mmqnam
648 4146 773 4218 pretium
796 4142 873 4216 lonpi
895 4141 1002 4200 laboris
1023 4142 1147 4200 accedat.
1192 4141 1264 4199 Alia
1284 4141 1372 4218 plura

64 4246 208 4319 composuit
231 4243 441 4304 Gothoiredus
462 4243 500 4301 ad
522 4241 555 4302 O.
572 4243 629 4302 Th.
649 4244 669 4301 l.
685 4262 709 4301 c.
754 4241 846 4301 Certa
867 4243 1006 4320 exempla
1026 4252 1056 4300 ct
1077 4243 1240 4320 scriptores
1263 4261 1372 4319 suppe-

64 4341 142 4402 ditant
165 4357 193 4404 et
218 4346 308 4406 tituli.
353 4347 401 4404 Ita
422 4343 587 4404 Gratianus
615 4353 699 4420 pater
721 4344 909 4419 imperatoris
923 4344 1125 4402 Valentiniani
1152 4343 1228 4420 (nati
1251 4363 1276 4400 a.
1294 4343 1371 4420 321)

63 4453 131 4503 naus
149 4451 226 4523 apud
246 4447 362 4506 Cibalae
383 4447 503 4522 ipnobili
523 4451 611 4522 stirpe
630 4447 663 4504 ob
679 4445 769 4504 calidi
783 4451 910 4520 corporis
933 4447 1020 4504 robur
1038 4455 1107 4520 post
1121 4447 1284 4520 alienitatem
1303 4463 1372 4520 pro·

64 4552 156 4605 tectoria
175 4557 261 4625 atque
283 4547 389 4605 tribuni
409 4565 498 4605 comes
516 4549 647 4624 praeficit
668 4551 710 4606 rei
731 4551 867 4606 castrensi
884 4565 939 4622 per
953 4547 1086 4621 Africam
1108 4545 1299 4620 (Ammianus
1321 4546 1371 4618 30,

66 4643 88 4714 l,
102 4645 170 4720 2.3;
196 4651 232 4709 ci.
250 4647 355 4707 Victor
376 4649 445 4724 epit.
467 4650 534 4723 45).
578 4648 652 4705 Item
683 4649 834 4706 Antonius
863 4657 1043 4706 memoratus
1073 4647 1152 4723 apud
1178 4647 1369 4706 Ammianum

65 4745 118 4818 (18,
131 4751 157 4820 5,
172 4751 202 4826 l)
225 4749 262 4806 ad
286 4769 312 4806 a
330 4749 389 4808 359
413 4768 446 4807 ea
467 4759 620 4807 mercatore
638 4750 770 4824 optclento
791 4752 966 4807 rationarius
982 4753 1134 4825 apparitor
1146 4748 1371 4824 Mesopotamiae

65 4845 142 4918 ducis,
165 4863 228 4910 tunc
248 4851 427 4926 mctect0r1)
453 4851 539 4908 miles
562 4859 608 4908 est
630 4871 668 4908 ex
689 4851 815 4908 daciano
838 4849 875 4906 ad
898 4857 1131 4926 protectoratum
1153 4857 1289 4919 evectus,
1316 4867 1370 4906 nec

65 4945 165 5009 dubium
194 4961 239 5011 est
271 4972 290 5010 a
321 4952 580 5030 regeneratoribus
613 4952 730 5027 imperii
759 4950 948 5009 Diocletiano
975 4949 1213 5010 Constantiuove
1245 4949 1369 5007 ducibus

97 5176 115 5238 Ι)
132 5181 186 5232 Nou
205 5191 273 5234 recte
292 5183 419 5234 Marinius
438 5183 497 5233 iser.
518 5181 578 5232 Alb.
597 5199 623 5247 p.
637 5185 672 5232 70
691 5197 799 5248 eumque
825 5185 905 5234 secuti
924 5183 969 5233 alli
995 5183 1055 5234 hinc
1078 5181 1217 5236 effecerunt
1246 5195 1277 5230 eo
1306 5187 1368 5236 tem-

66 5280 116 5328 mre
132 5271 216 5328 iucem
233 5277 439 5344 Mesopotamiae
458 5281 616 5346 protectores
634 5289 694 5326 suos
714 5273 840 5327 habuisse.
