3348 5926
408 615 708 670 oesnnvnrrorues
735 616 1024 668 nerunnrnronu.
1310 601 1381 672 629

58 793 156 870 Itaque
178 794 366 872 inpartibus
393 793 565 854 Occidentis
588 792 731 869 magister
752 791 917 851 officiorum
944 801 973 850 et
1004 797 1127 870 agentes
1149 792 1180 849 in
1205 793 1294 852 rebus
1320 801 1382 852 tum

58 913 117 953 cum
138 896 175 956 iis
197 897 382 973 principatus
398 897 542 956 militares
558 894 753 972 eriperentur,
768 895 857 954 etiem
873 895 904 952 in
920 895 1058 953 civilibus
1074 893 1204 969 aliquam
1224 896 1383 972 potestatis

57 998 288 1058 imminutionem
319 1000 457 1058 videntur
489 997 625 1058 subiisse.
691 993 750 1055 Sed
783 995 935 1055 latendum
968 1005 1014 1056 est
1046 1014 1122 1073 quae
1153 997 1212 1054 iam
1245 997 1383 1074 leguntur

57 1102 222 1174 perturbata
242 1119 308 1160 esse
331 1109 360 1160 et
385 1101 514 1160 sortasse
540 1098 698 1159 emendata
725 1099 907 1174 imperfecte.
959 1097 1040 1158 Nam
1067 1118 1133 1158 cum
1155 1097 1273 1158 Notitia
1295 1099 1382 1158 Occi-

56 1200 145 1260 dentis
167 1203 242 1262 duos
265 1204 433 1280 praefectos
456 1203 606 1281 praetorio
628 1211 782 1260 recenseat
803 1201 908 1260 Italiae
931 1210 961 1260 et
983 1199 1169 1274 Galliarum,
1192 1220 1297 1276 parum
1319 1220 1381 1260 cre·

55 1303 139 1363 dibile
164 1313 212 1364 est
237 1306 424 1382 praesidibus
451 1306 499 1365 vel
526 1315 603 1363 certe
630 1303 838 1362 consularibus
866 1301 1037 1362 Galliarum
1066 1304 1229 1381 principem
1256 1305 1381 1363 missum

55 1423 114 1464 esse
135 1427 154 1466 a
174 1409 325 1486 praelecto
352 1409 503 1484 praetorio
525 1407 647 1479 Italiae;
677 1423 732 1464 nec
757 1407 853 1482 magis
880 1406 993 1484 placet,
1019 1407 1099 1483 quod
1126 1407 1239 1464 vicario
1266 1417 1379 1483 septem

53 1510 265 1582 provinciarum
288 1529 306 1568 a
328 1511 472 1587 magistro
495 1510 660 1568 officiorum
683 1509 820 1586 princeps
843 1509 930 1567 datur
951 1525 1044 1584 agens
1066 1510 1097 1567 in
1114 1510 1215 1580 rebus,
1237 1509 1379 1585 praesidi-

52 1611 101 1668 bus
123 1613 179 1670 sub
202 1631 239 1670 eo
261 1613 374 1671 vicario
402 1611 571 1671 constitutis
599 1629 617 1668 a
644 1611 793 1687 praelecto
819 1611 979 1688 praetorio.
1030 1608 1091 1671 Sed
1116 1612 1195 1669 ultra
1219 1611 1379 1694 peprehen-

52 1713 157 1772 sionem
181 1714 358 1774 traditorum
381 1716 468 1774 nobis
491 1733 550 1774 non
572 1714 674 1772 datum
697 1721 743 1772 est
764 1721 796 1772 ut
810 1713 1015 1788 procedamus.
1032 1747 1073 1756 —
1097 1711 1264 1773 Gothorum
1281 1721 1379 1771 aetate

50 1817 194 1892 antiquam
218 1817 435 1876 ordinationem
456 1815 583 1875 rediisse
606 1823 635 1874 et
655 1816 814 1893 plerosque
837 1825 916 1875 certe
938 1817 1088 1894 principes
1111 1835 1150 1874 ex
1171 1815 1276 1874 schola
1290 1833 1378 1892 agen·

48 1917 114 1975 tium
141 1919 172 1977 in
199 1919 290 1978 rebus
319 1921 374 1978 sub
401 1919 546 1997 magistro
573 1918 742 1978 officiorum
769 1919 930 1978 constituta
957 1920 1106 1994 proiectos
1136 1937 1204 1978 esse
1233 1919 1378 1977 formulae

49 2016 294 2080 Cassiodorianae
316 2021 358 2097 (v.
382 2021 449 2080 adn.
466 2021 499 2098 4)
522 2021 697 2081 docuerunt.

88 2844 153 2904 XL.
201 2843 320 2904 ORDO
350 2842 671 2906 SALVTATIONIS·
695 2841 1100 2918 SPORTVLARVMQVE
1129 2842 1209 2905 SVB
1238 2845 1322 2904 IMP.

335 2964 516 3025 IVLIANO
542 2964 589 3024 IN
616 2963 851 3025 PROVINCIA
874 2965 1073 3025 NVMIDIA.

79 3151 336 3229 Thamugadensis
359 3153 418 3212 fori
440 3151 546 3212 rudera
568 3153 672 3211 relicta
693 3171 728 3212 eo
749 3153 812 3212 fere
835 3161 925 3226 statu,
948 3170 1009 3229 quo
1030 3153 1129 3212 forum
1144 3151 1221 3211 illud
1237 3151 1292 3212 fuit
1307 3173 1369 3213 sae·

43 3253 101 3312 culo
122 3264 231 3331 quarto
253 3254 365 3328 medio,
394 3275 461 3314 cum
483 3267 571 3314 antea
592 3255 652 3313 iam
675 3265 704 3313 et
731 3265 923 3314 monumenta
949 3255 1011 3314 alia
1037 3255 1193 3332 praeclara
1218 3263 1247 3314 et
1273 3257 1369 3314 olbam

43 3357 141 3415 ordinis
163 3354 306 3432 (ovlll,
331 3356 426 3434 2403)
448 3356 625 3435 protulerint
647 3358 847 3432 conscriptum
869 3358 949 3416 circa
971 3365 1107 3433 tempora
1127 3357 1251 3431 Iuliani,
1274 3377 1369 3433 nuper

41 3455 82 3516 bis
104 3458 282 3518 addiderunt
303 3467 416 3519 statuta
437 3459 604 3518 consularis
620 3455 780 3518 Numidiae
802 3460 839 3517 de
861 3459 964 3517 ordine
980 3459 1170 3517 salutationis
1187 3469 1217 3517 et
1231 3459 1268 3517 de
1283 3477 1369 3536 epor-

40 3558 103 3616 tulis
124 3561 302 3620 iudioiorum
323 3562 413 3638 plena
434 3561 571 3639 egregiae
593 3568 623 3618 et
643 3579 739 3619 novae
760 3561 848 3639 plene
871 3561 1056 3634 eruditionis,
1079 3561 1158 3620 edita
1177 3561 1307 3639 primum
1330 3563 1367 3620 ab

39 3659 185 3722 indefesso
203 3672 344 3723 veterano
360 3664 600 3742 explorationem
611 3663 823 3722 Africanarum
835 3663 871 3721 Α.
884 3662 990 3720 Poulle
1007 3662 1124 3738 (recueil
1137 3665 1171 3723 de
1186 3661 1367 3726 Constantine

39 3761 92 3820 rol.
109 3763 146 3824 Ἡ
170 3784 200 3824 a.
215 3764 294 3824 1882
317 3785 345 3844 p.
358 3766 434 3838 4013
462 3765 602 3841 repetivit
624 3781 715 3841 supra
736 3785 765 3844 p.
782 3763 842 3824 386
865 3762 1071 3842 Schmidtius).
1115 3764 1162 3825 Ea
1183 3765 1274 3825 editio
1298 3785 1365 3826 cum

38 3863 71 3920 ad
92 3885 137 3925 me
158 3867 280 3944 perlata
301 3877 389 3941 esset,
412 3867 469 3926 etsi
492 3867 628 3927 videbam
649 3869 728 3926 hunc
750 3883 869 3943 quoque
890 3865 1020 3944 lapidem
1041 3867 1299 3944 solitadiligentia
1313 3887 1365 3927 ex-

38 3977 148 4043 ceptum
170 3986 239 4030 esse
259 3989 357 4045 neque
380 3970 471 4028 ullam
495 3970 638 4046 pleraque
660 3969 855 4029 offensionem
877 3969 1036 4042 habebant,
1060 3977 1159 4029 tamen
1181 3989 1286 4030 versus
1309 3988 1364 4029 sex

37 4063 165 4147 (9-14)
193 4071 353 4130 admodum
375 4071 452 4130 male
474 4072 568 4130 habiti
595 4091 655 4130 non
682 4072 778 4130 solum
804 4073 864 4148 ipsi
892 4090 995 4147 parum
1022 4071 1283 4149 intellegebantur,
1311 4073 1364 4132 sed

36 4169 118 4229 etiam
148 4173 281 4232 universi
308 4173 491 4233 monumenti
517 4181 624 4232 natura
650 4182 679 4232 et
706 4173 840 4232 condicio
871 4183 994 4250 propter
1022 4193 1089 4232 eum
1123 4175 1269 4234 delectum
1302 4194 1363 4232 non

37 4274 104 4331 satis
126 4276 372 4352 perspiciebatur.
421 4275 611 4353 Quapropter
632 4295 686 4353 per
707 4276 822 4334 litterae
843 4275 997 4334 Poullium
1019 4277 1138 4354 rogavi,
1167 4286 1199 4336 ut
1224 4284 1362 4354 ectypum

35 4373 102 4433 mihi
128 4378 344 4437 conficiendum
371 4389 497 4436 curaret.
552 4377 666 4436 Adnuit
692 4378 743 4436 ille
771 4377 905 4454 adeoque
933 4379 1079 4437 nuntiavit
1110 4397 1142 4438 se
1168 4380 1268 4456 ipsum
1295 4399 1361 4438 cunr

34 4471 92 4532 fieri
113 4487 219 4552 posset
240 4481 303 4538 eius
325 4480 368 4539 rei
391 4499 483 4540 causa
498 4478 687 4558 Thamugadi
710 4479 911 4557 profecturum
934 4499 1010 4552 esse,
1033 4490 1063 4539 et
1084 4499 1138 4556 per
1152 4481 1266 4557 aliquot
1280 4501 1361 4542 men-

35 4591 78 4634 ses
100 4587 264 4658 temporum
287 4582 479 4641 inelementia
500 4589 648 4656 retentus,
679 4601 773 4658 nuper
795 4583 865 4642 licet
894 4583 987 4642 ventis
1015 4589 1045 4641 et
1070 4583 1179 4658 pluviis
1207 4583 1359 4642 etiamtum

33 4681 184 4740 contrariis
206 4685 314 4743 comite
336 4691 366 4742 et
387 4684 522 4743 adiutore
532 4685 655 4744 Victore
676 4685 803 4744 Reboud
824 4685 903 4762 quod
926 4686 1064 4760 promisit
1085 4703 1201 4744 summa
1214 4685 1361 4744 industria

33 4786 59 4834 et
79 4783 211 4842 sollertia
232 4786 364 4862 perfecit.
407 4786 544 4863 Ectypis,
567 4805 643 4864 quae
665 4788 724 4846 tria
748 4787 885 4846 Poullius
912 4788 1000 4860 misit,
1027 4787 1154 4860 adiutus,
1180 4805 1358 4864 quamquam

33 4879 73 4938 aie
94 4902 213 4962 quoque
234 4888 333 4946 hiatus
360 4889 476 4964 aliquot
501 4889 661 4948 admodum
686 4889 864 4948 incommodi
886 4897 1094 4948 remanserunt
1120 4897 1150 4948 et
1174 4889 1206 4946 in
1226 4889 1357 4948 futurum

33 4999 147 5062 quoque
169 4990 364 5050 remanebunt
386 4989 572 5068 (superficies
595 4991 673 5050 enim
695 4991 804 5069 lapidis
826 4991 868 5050 ibi
890 4998 953 5048 tota
977 4991 1110 5066 decidit),
1133 4991 1163 5048 in
1186 4991 1358 5049 universum

32 5081 182 5149 lectionem
203 5102 236 5151 ut
258 5093 430 5170 expedirem
453 5093 525 5152 mibi
548 5095 701 5154 successit.
740 5091 829 5153 Grati
851 5093 942 5152 animi
960 5111 1080 5153 sensum
1095 5093 1138 5151 ita
1151 5094 1304 5171 profiteor,
1326 5105 1358 5152 ut

31 5183 147 5248 Poullio
169 5191 384 5272 Reboudioque
407 5195 469 5254 scio
491 5200 621 5255 maxime
639 5195 817 5273 placiturum
832 5213 907 5256 esse:
925 5195 1040 5255 scilieet
1054 5195 1109 5254 edo
1124 5214 1213 5274 quam
1229 5195 1356 5272 primum

31 5285 90 5348 fieri
112 5295 208 5369 potuit
229 5307 451 5358 monumentum
473 5299 660 5378 recognitum
683 5297 798 5358 adiecto
821 5298 1044 5358 commentario.
