3348 5926
393 626 691 680 onsnnvsrronns
717 627 1005 678 urrennsurons.
1293 609 1364 678 645

42 799 219 858 dissitudines
241 800 300 857 hoc
322 799 412 858 modo
434 799 471 856 ad
493 800 649 859 universas
671 801 843 875 provincias
866 800 1124 877 propagabantur,
1147 800 1280 876 generali
1302 801 1367 876 lege

43 903 160 961 militum
182 902 344 979 gregalium
368 919 503 960 annonas
526 904 702 978 capitusque
724 903 766 960 ita
788 903 981 974 adsererent,
1008 913 1040 960 ut
1062 920 1130 959 vere
1153 902 1190 958 ad
1212 903 1367 978 pecuniam

42 1023 138 1062 rursus
160 1003 418 1080 redigerentur¹);
441 1003 473 1060 id
494 1004 573 1079 quod
596 1003 635 1060 ad
657 1004 808 1080 sportulas
830 1021 947 1080 quoque
968 1003 1141 1080 parvenisse
1157 1003 1296 1062 credibile
1312 1011 1366 1062 est.

41 1106 98 1164 Eae
120 1117 216 1165 autem
239 1124 384 1176 annonae,
407 1123 483 1181 quae
505 1106 628 1164 maioris
651 1106 761 1182 gradus
783 1105 927 1164 militibus
948 1106 1196 1181 praesidibusque
1211 1105 1367 1164 solveban-

42 1217 95 1280 tur,
121 1216 239 1267 vetusto
261 1227 358 1279 more,
387 1208 500 1266 scilicet
522 1207 560 1264 ad
582 1209 679 1283 pretia
700 1207 757 1265 fori
780 1203 944 1284 urbani2),
972 1208 1188 1265 adaerabantur
1210 1225 1303 1284 usque
1329 1209 1368 1266 ad

42 1310 235 1370 Theodosium
259 1310 432 1368 secuudum.
479 1309 633 1380 Omnibus,
656 1310 750 1368 edixit
771 1311 798 1368 is
818 1329 845 1366 a.
861 1305 977 1386 439³),
1001 1312 1147 1368 1001111111
1169 1310 1368 1385 spectabilibus

42 1431 118 1487 quam
138 1417 209 1470 uiris
230 1413 395 1470 clarissimis
418 1415 468 1487 qui
485 1431 539 1487 per
558 1415 737 1486 provinciam
764 1415 821 1470 siue
846 1414 998 1470 militarem
1026 1415 1084 1469 siue
1111 1412 1220 1470 01011101
1246 1414 1367 1470 admini-

41 1519 194 1572 strationem
219 1525 319 1591 parunt
423 1518 455 1570 in
476 1514 650 1590 praebendis
677 1515 793 1573 solaciis
821 1533 1000 1572 annonarum
1027 1515 1071 1570 bic
1090 1516 1169 1590 fictas
1196 1533 1230 1570 ac
1256 1514 1367 1572 stabilis

41 1617 188 1674 seruabitur
207 1619 318 1686 modus,
339 1625 370 1674 ut
391 1635 424 1674 ea
441 1635 498 1692 pro
521 1621 641 1674 annonis
664 1627 690 1674 et
710 1621 805 1692 capitu
828 1619 962 1692 diprzitati
983 1635 1052 1675 suaa
1071 1617 1172 1674 dabitis
1192 1620 1284 1691 pratia
1302 1635 1367 1675 con-

41 1729 201 1793 sequantur,
235 1738 309 1794 quaa
329 1717 556 1794 particularibus
586 1719 807 1794 delcpationibus
836 1719 926 1776 solent
955 1722 1099 1777 contineri.
1155 1719 1203 1776 Ab
1233 1737 1268 1776 eo
1297 1718 1367 1776 inde

40 1827 164 1896 tempore
187 1820 410 1896 dclcpationibus
429 1821 671 1896 particularibus,
699 1821 813 1878 scilicet
833 1820 939 1878 formis
967 1821 1006 1878 ad
1033 1821 1169 1898 singulas
1197 1820 1367 1897 provincias

40 1921 167 1995 derectis,
191 1923 350 1998 unicuique
372 1922 560 2000 magistratui
582 1922 741 1980 officialive
764 1941 824 1982 non
847 1923 945 1981 solum
962 1929 1059 1981 certus
1075 1939 1217 1981 numerus
1232 1939 1367 1980 annona·

40 2043 98 2081 rum
118 2033 147 2082 et
168 2026 319 2101 capituum
343 2025 472 2083 adscribi
494 2033 618 2100 coeptus
642 2033 695 2098 est,
718 2025 770 2083 sed
792 2026 862 2084 item
882 2045 985 2084 eorum
1008 2025 1159 2083 adaeratio
1183 2024 1290 2082 solidis
1314 2043 1366 2082 ex·

40 2124 190 2202 pressa⁴);
214 2127 246 2184 id
267 2135 313 2185 est
334 2127 474 2186 restituta
494 2127 613 2185 interim
636 2136 756 2185 moneta
776 2128 837 2186 iam
853 2128 993 2186 universa
1008 2127 1226 2186 administratio
1242 2127 1366 2186 retentis

41 2228 182 2287 vocabulis
205 2250 238 2288 re
260 2229 299 2288 ad
321 2229 500 2288 solutionem
522 2229 725 2304 pecuniariam
741 2229 828 2287 rediit
842 2229 1037 2288 frumentaria
1053 2229 1179 2287 sublata.
1214 2227 1300 2286 Haec
1314 2229 1366 2304 qui

40 2339 110 2388 rccte
131 2331 290 2402 intellexit,
313 2331 380 2388 dico
402 2330 700 2390 adlrumentationem
725 2331 764 2406 (si
788 2331 876 2390 venia
898 2339 945 2390 est
966 2331 1073 2407 verbo)
1096 2331 1241 2408 pecuniae
1256 2339 1286 2388 et
1299 2349 1365 2388 rur-

40 2447 84 2489 sus
104 2432 325 2491 adnotationem
347 2432 495 2506 frumenti,
519 2434 608 2492 simul
630 2442 766 2492 monetae
782 2433 939 2492 Romanae
961 2443 990 2491 et
1011 2434 1128 2492 ruinam
1151 2441 1180 2491 et
1201 2432 1366 2492 restitutio-

40 2552 99 2590 nem
120 2536 218 2593 animo
241 2534 480 2610 comprehendet.

74 2634 165 2695 Medii
187 2637 238 2695 ubi
260 2637 390 2712 primum
416 2637 615 2709 nominantur,
650 2638 834 2714 significatur
862 2637 996 2714 intellegi
1019 2638 1155 2710 Italicos;
1189 2637 1365 2696 111111011-

40 2735 103 2811 clos]
131 2743 220 2798 tritici
244 2739 352 2796 modios
378 2739 407 2796 in
434 2739 534 2816 lapide
562 2739 671 2812 inisse,
701 2759 774 2810 101,
802 2751 834 2798 11
862 2741 1019 2817 proposuit
1042 2738 1224 2798 Schmidtius
1250 2745 1365 2810 noster,

38 2837 167 2915 ltalic[i],
201 2839 329 2899 eflicitur
356 2859 394 2898 ex
417 2841 629 2900 constitutione
656 2861 683 2898 a.
700 2843 760 2900 445
789 2841 870 2916 (nov.
891 2842 1009 2902 Valent.
1023 2842 1072 2899 Ill
1098 2845 1142 2902 tit.
1163 2841 1215 2914 18,
1243 2843 1292 2916 4):
1322 2845 1364 2900 iu-

39 2939 123 3000 bentus
151 2945 255 3018 infarri
288 2985 321 3001 ..
352 2947 437 3000 tritici
466 2945 508 3000 ad
538 2944 668 3019 stapulas
700 2945 807 3002 solidos
833 2945 952 3002 Italicos
985 2947 1094 3003 modios
1116 2943 1177 3002 XL
1210 2953 1235 3002 et
1267 2946 1364 3002 carnis

34 3045 121 3116 pondo
146 3043 307 3116 Com,
334 3049 394 3102 cini
419 3049 557 3104 sectarios
582 3043 636 3104 CC.
686 3044 793 3121 Neque
819 3047 945 3105 adiectio
971 3047 1118 3117 abuudat3
1151 3065 1219 3104 nam
1247 3057 1365 3122 praeter

38 3145 180 3222 vulgarem
203 3149 283 3225 apud
297 3148 451 3206 Romanos
473 3147 530 3205 hac
551 3156 648 3206 aetate
669 3157 853 3207 castrensem
876 3149 1008 3207 modium
1030 3149 1061 3206 in
1084 3167 1142 3207 usu
1157 3149 1251 3207 fuisse
1266 3156 1365 3207 osten-

38 3245 75 3302 dit
95 3247 221 3308 ediotum
242 3249 424 3308 Diocletiani
452 3267 512 3308 101
534 3251 626 3308 semel
652 3251 690 3308 ad
715 3270 782 3309 eum
810 3251 937 3326 pretium
964 3251 1177 3308 determinans.
1224 3250 1363 3310 Italicum

90 3545 111 3612 ¹)
132 3552 161 3603 0.
175 3553 227 3603 Th.
243 3553 267 3614 t,
282 3554 308 3614 4,
324 3554 367 3602 22.
388 3553 431 3602 33.
453 3551 495 3602 29.
517 3553 559 3603 36.
602 3553 673 3603 Η100
693 3553 735 3602 lex
755 3554 816 3602 anui
837 3553 891 3602 424
914 3553 1011 3615 optima
1030 3551 1141 3601 illustrat
1160 3557 1253 3602 statum
1278 3552 1364 3600 diver-

38 3655 86 3690 sam
105 3645 148 3707 qui
167 3651 222 3694 tum
241 3644 352 3694 obtinuit
370 3645 544 3695 adaerationis
567 3645 594 3693 in
618 3644 744 3694 militibus
768 3652 793 3693 et
816 3646 844 3694 in
867 3643 1027 3708 praesidibus
1050 3645 1218 3707 ducibusque:
1244 3656 1363 3692 annonae

39 3747 96 3794 quae
114 3750 129 3784 a
148 3737 275 3801 dignitate
293 3753 345 3786 nou
364 3738 476 3801 pandent
494 3737 649 3786 adserantur
668 3737 807 3786 secundum
826 3736 936 3786 sormam
956 3742 1105 3800 perpetuam
1123 3749 1284 3785 annonarum
1305 3735 1363 3782 uni-

39 3828 107 3876 versis
125 3829 250 3878 militibus
269 3829 427 3878 sollemniter
446 3829 635 3889 attributorum,
655 3843 701 3878 eae
719 3835 804 3878 autem
824 3842 889 3894 quae
908 3843 924 3877 a
942 3828 1067 3892 dignitate
1080 3829 1193 3893 pendent
1207 3827 1364 3877 adserantur

37 3921 167 3970 secundum
186 3921 268 3984 pretia
286 3921 337 3970 fori
357 3935 442 3970 rerum
461 3921 598 3970 renalium.
634 3920 710 3971 Unde
729 3922 790 3970 item
809 3920 966 3985 intellegitur
984 3935 1037 3978 cur,
1048 3919 1235 3984 protectoribus
1255 3918 1296 3980 (C.
1311 3917 1361 3968 Tb.

39 4007 59 4067 7,
73 4011 95 4069 4,
112 4012 145 4060 10
165 4027 188 4062 a.
203 4012 267 4074 364)
287 4019 312 4062 et
332 4012 532 4078 primipilaribus
557 4011 597 4074 (C.
611 4013 662 4075 Th,
684 4015 709 4074 8,
723 4013 749 4075 4,
766 4015 799 4062 19
819 4027 842 4062 a.
857 4013 920 4074 396)
944 4013 983 4062 ius
1002 4013 1130 4062 tribuatur
1148 4027 1309 4062 annonarum
1329 4008 1363 4059 ad

36 4101 111 4160 pretia
127 4104 179 4153 sori
198 4105 292 4154 urbani
311 4105 531 4167 adunandorum
552 4105 648 4154 scilicet
667 4111 844 4170 exaequantur
862 4106 899 4154 ita
917 4105 1095 4169 dignitatibus.

87 4190 110 4255 ²)
130 4197 260 4256 Abusum,
285 4203 314 4246 ut
333 4213 379 4261 pro
399 4203 468 4246 certo
491 4212 598 4246 numero
623 4199 751 4262 capituum
776 4203 871 4247 certum
895 4197 996 4262 pondus
1019 4197 1075 4247 auri
1098 4197 1258 4261 exigeretur,
1283 4195 1362 4244 modo

36 4295 77 4344 1³¹0
96 4285 183 4351 CXX,
203 4289 282 4338 modo
301 4303 348 4353 pro
367 4290 429 4351 LX,
452 4289 530 4338 modo
550 4304 596 4354 pro
615 4291 687 4340 Xlll
705 4289 832 4354 capitibus
851 4289 927 4339 solidi
947 4290 1053 4354 singuli,
1077 4289 1195 4355 reprimit
1214 4287 1361 4338 constitutio

37 4378 119 4427 1412
139 4381 169 4430 G.
183 4381 235 4431 Th.
257 4383 282 4442 7,
303 4383 328 4443 t,
349 4381 392 4430 32.

88 4465 111 4530 ³)
135 4471 165 4522 O.
178 4473 242 4523 Iust.
257 4475 281 4534 1,
298 4475 341 4532 bi,
358 4475 381 4522 1.
419 4473 482 4523 Post
501 4473 651 4523 clarissimis
670 4474 751 4523 delevi
772 4473 923 4524 vocabulum
942 4471 1075 4524 iudicibus.
1101 4461 1103 4468 ’

88 4559 112 4622 ⁴)
136 4564 177 4613 De
200 4566 241 4614 his
265 4566 425 4615 documentis
448 4567 545 4630 optime
573 4567 692 4631 exposuit
715 4566 812 4616 Paulus
831 4567 948 4630 Krueger
974 4563 1063 4615 Kritilc
1086 4563 1131 4614 des
1149 4557 1363 4629 justinianisclen

40 4647 116 4702 Codes
137 4672 162 4720 p.
178 4657 230 4707 150
243 4671 311 4722 seq.;
336 4657 381 4707 sed
405 4673 471 4722 quaa
494 4659 526 4708 de
553 4659 650 4708 vicibus
674 4658 859 4722 generibusque
883 4659 1056 4708 adaeratiorris
1081 4657 1192 4720 scripsit,
1219 4653 1283 4702 mihi
1308 4667 1362 4701 uon

37 4744 155 4804 probavit.
186 4749 218 4798 In
237 4749 327 4799 formis
347 4749 432 4799 relatis
451 4751 478 4799 in
497 4751 611 4799 codicem
624 4751 796 4799 Iustinianum
815 4764 933 4799 annonae
950 4750 1065 4814 singulae
1083 4749 1167 4813 quinis
1183 4745 1273 4795 solidis
1286 4745 1361 4793 aesti-

37 4837 94 4884 mari
116 4838 210 4902 solent;
240 4849 267 4890 at
289 4843 316 4890 in
341 4843 525 4891 constitutione
541 4843 718 4892 Valentiniani
740 4843 781 4892 lII
808 4843 840 4890 de
863 4842 987 4892 Numidia
1010 4848 1035 4890 et
1057 4839 1221 4891 Mauretania
1246 4835 1362 4890 sitifensi

37 4922 131 4982 (novell.
146 4933 248 4983 Valent.
262 4933 304 4983 111
323 4933 362 4982 tit.
378 4935 411 4983 18
432 4951 453 4983 c.
468 4933 494 4994 3)
523 4935 666 4998 quaternis,
691 4949 738 4982 nec
763 4933 867 4983 dubium
892 4941 931 4983 est
955 4932 1094 4982 secuudum
1119 4938 1234 4994 tempora
1257 4935 1282 4977 et
1305 4929 1362 4976 loca

37 5018 217 5074 adaerationem
237 5025 338 5074 diverso
357 5026 435 5075 modo
458 5026 553 5075 iactam
577 5041 640 5076 esse.
688 5027 717 5075 In
744 5027 828 5075 edicto
848 5025 984 5075 Iustiniani
1009 5025 1041 5074 de
1066 5025 1129 5074 duce
1155 5023 1244 5071 limitis
1263 5020 1361 5083 Libyae

37 5104 116 5166 (edict.
132 5115 164 5164 13
178 5136 210 5158 =
224 5124 305 5166 const.
320 5117 354 5167 96
380 5118 419 5166 ed.
440 5118 671 5182 Lingeuthalianna
691 5134 712 5166 c.
728 5119 761 5167 18
782 5117 831 5182 pr.)
856 5117 1045 5181 distinguuntur
1068 5129 1188 5166 annonae
1214 5121 1239 5163 et
1263 5113 1362 5177 cupitus

37 5195 57 5246 lv
76 5197 134 5252 siber
154 5214 178 5255 et
196 5205 219 5256 ir
237 5205 328 5279 χρυσῷ
347 5217 373 5258 et
392 5210 492 5258 diversa
511 5211 611 5260 ratione
623 5211 724 5274 utrique
738 5210 904 5272 adamantum
926 5210 970 5259 sed
984 5225 1041 5258 cum
1056 5223 1171 5259 summae
1184 5210 1362 5271 proponantur

36 5294 188 5360 coniunctae,
207 5301 239 5350 de
259 5303 398 5352 taxationis
417 5303 495 5353 modo
514 5317 604 5366 parum
623 5303 712 5367 liquet,
732 5317 816 5368 neque
835 5303 891 5366 ipsa
910 5303 1044 5352 diversitas
1064 5301 1125 5352 satis
1146 5299 1273 5350 elucidata
1291 5303 1336 5348 est.
