3444 5932
311 559 383 636 134
887 581 1071 634 uouusau

309 757 446 816 omnibus
469 756 647 832 permissum
669 772 749 828 esse,
772 763 804 813 ut
826 775 864 814 ex
885 754 1065 814 officialibus
1087 755 1151 814 suis
1173 755 1338 832 principem
1360 765 1499 814 crearent
1519 755 1643 814 eandem

312 858 435 916 militem
459 867 487 914 et
509 865 661 915 transacto
678 857 778 916 officio
801 875 867 914 cum
890 857 1073 931 protectoria
1087 857 1231 934 dignitate
1249 857 1466 916 dimittendum.
1500 854 1561 916 Sed
1583 858 1645 916 eius

311 959 438 1018 instituti
461 957 579 1018 Notitia
601 958 775 1036 dignitatum
799 958 912 1032 scripte
933 958 988 1016 sub
1008 957 1137 1016 Arcadio
1159 966 1189 1016 et
1210 958 1347 1018 Honorio
1369 957 1575 1018 tantummodo
1599 977 1644 1015 ru-

312 1061 385 1120 dera
399 1067 554 1118 monstrat.
588 1057 709 1118 Scilicet
730 1067 889 1135 postquam
906 1057 1103 1118 Constantius
1123 1061 1154 1118 ui
1173 1059 1262 1118 fallor
1277 1069 1398 1136 agentes
1413 1060 1443 1118 in
1459 1060 1548 1118 rebus
1564 1059 1646 1117 insti·

313 1163 371 1220 tuit
395 1161 572 1218 constitutos
599 1162 656 1219 sub
679 1162 823 1239 magistro
846 1161 1027 1231 officiorum,
1055 1161 1206 1238 plerisque
1231 1162 1458 1240 magistratibus
1484 1159 1646 1220 maioribus

313 1263 463 1338 principes
479 1261 644 1320 officiorum
663 1281 703 1320 ex
719 1264 870 1338 agentium
887 1262 992 1320 schola
1005 1262 1138 1338 deputati
1155 1273 1234 1332 sunt,
1256 1271 1285 1321 et
1307 1281 1367 1338 quo
1383 1271 1516 1337 tempore
1530 1260 1648 1320 Notitia

314 1365 426 1440 scripta
441 1375 497 1436 est,
511 1373 542 1422 ut
556 1363 768 1424 inOccidentis
780 1365 914 1439 partibus
930 1363 1004 1420 nulli
1022 1363 1088 1422 duci
1101 1365 1281 1440 permittitur
1292 1365 1455 1440 principem
1471 1363 1599 1422 scholae
1612 1381 1648 1420 ex

317 1485 372 1524 suo
395 1466 494 1524 allicio
518 1466 685 1537 adsumere,
713 1466 867 1524 imminuto
890 1465 1004 1524 scilicet
1025 1465 1089 1523 iure
1111 1466 1217 1524 ducum
1240 1465 1415 1526 Stilichonis
1438 1465 1583 1542 potentia,
1611 1465 1650 1521 itu

315 1567 345 1624 iu
362 1565 486 1624 Oriente
508 1585 626 1642 quoque
647 1587 713 1625 cum
737 1567 917 1642 reliquarum
940 1565 1121 1642 dioecesium
1144 1566 1234 1626 duces
1257 1567 1423 1642 principem
1445 1566 1597 1642 accipiant
1617 1565 1650 1622 de

317 1668 422 1726 schola
443 1668 609 1744 agentium,
636 1669 666 1726 in
693 1669 739 1726 his
761 1668 1010 1743 Mesopotamiae,
1037 1685 1123 1743 quem
1150 1667 1206 1726 sub
1228 1667 1407 1728 Constantio
1435 1668 1559 1743 antiquo
1588 1668 1651 1724 iure

319 1787 405 1827 usum
429 1787 496 1827 esse
517 1769 661 1841 vidimus,
690 1770 799 1828 mansit
824 1769 949 1845 antiqua
970 1768 1121 1828 ordinatio
1148 1769 1178 1826 in
1202 1769 1275 1828 solis
1297 1769 1485 1828 dioecesibus
1507 1767 1651 1826 Thracia-

317 1890 384 1928 rum
406 1879 436 1928 et
457 1870 580 1946 Illyrici,
604 1881 636 1928 ut
657 1871 698 1930 ibi
720 1873 857 1948 princeps
881 1870 1001 1930 scholae
1022 1889 1061 1928 ex
1081 1869 1205 1928 daciano
1225 1871 1324 1930 officio
1339 1871 1490 1947 proiectus
1513 1871 1652 1945 ceroptata

318 1973 436 2045 militia,
466 1981 497 2030 ut
518 1972 560 2029 ait
583 1970 711 2042 Notitia,
744 1975 843 2030 adoret
865 1971 1060 2048 protector1).
1120 1971 1236 2030 Horum
1258 1981 1458 2048 protectorum
1484 1991 1523 2030 ex
1545 1971 1654 2028 militia

318 2074 519 2150 proiectorum
542 2073 680 2150 exempla
701 2073 779 2131 tituli
801 2092 920 2150 quoque
943 2073 1143 2150 suppeditant,
1165 2074 1225 2132 rari
1249 2075 1280 2146 ii,
1302 2092 1369 2132 cum
1392 2074 1449 2132 bac
1467 2081 1567 2132 aetate
1590 2091 1653 2130 cur-

320 2194 372 2235 sus
393 2177 538 2234 honorum
561 2175 707 2250 perscribi
728 2175 790 2233 fere
812 2174 965 2248 desierint,
988 2175 1041 2234 sed
1062 2174 1219 2234 luculenti:

403 2297 433 2334 n.
451 2277 489 2334 14
512 2275 677 2334 ordinarius
700 2277 752 2352 lep.
769 2277 808 2332 II
824 2277 947 2336 Italicae
968 2277 1157 2335 Dicitenaiom
1179 2307 1217 2318 —
1237 2285 1390 2352 protector,

404 2398 432 2435 n.
449 2379 487 2436 43
510 2379 590 2436 miles
614 2377 667 2454 leq.
684 2377 738 2436 XI
758 2374 802 2434 Cl.
828 2411 865 2420 -
889 2377 982 2452 (miles
1005 2377 1071 2454 leq.)
1094 2378 1299 2436 lanciariorum
1320 2410 1361 2420 —
1380 2382 1502 2453 proterit
1524 2399 1553 2436 a.
1568 2379 1598 2436 V
1616 2409 1653 2422 -·-

475 2484 578 2538 missus
595 2511 632 2522 -
644 2481 740 2555 praes.
757 2479 810 2554 lap.
822 2479 861 2536 ΙΙ
870 2479 1024 2537 Hert-uliae
1038 2479 1178 2538 annosII
1189 2497 1294 2538 moises
1312 2479 1355 2536 VI
1368 2512 1405 2522 —
1422 2480 1498 2538 vixit
1513 2499 1540 2536 a.
1553 2479 1653 2538 XLV.

475 2581 509 2638 ln
532 2581 648 2656 legione
671 2581 749 2639 buno
770 2581 915 2638 meruisse
939 2600 991 2656 per
1013 2598 1109 2638 annos
1131 2580 1232 2638 axx
1255 2581 1284 2638 in
1314 2581 1507 2640 adnotatione
1533 2581 1655 2640 demon·

475 2683 579 2751 stravi,

407 2805 434 2843 n.
452 2785 491 2842 30
515 2783 607 2858 (miles
630 2783 697 2858 lep.)
713 2787 891 2842 Iovianorum
913 2803 941 2842 a.
952 2783 1101 2842 XXVIII
1114 2815 1152 2826 -·
1171 2793 1314 2858 protector
1330 2785 1497 2844 domesticas
1518 2805 1547 2842 a.
1559 2785 1606 2842 l'I
1616 2815 1655 2826 -

473 2887 637 2962 praesectam
664 2885 810 2942 lanciariis
837 2885 993 2944 senioribus
1016 2917 1056 2929 -
1078 2883 1257 2960 (sequuntur
1283 2886 1412 2944 honores
1440 2885 1507 2960 alii)
1531 2919 1571 2928 —
1595 2887 1653 2944 vix.

478 3007 505 3044 u.
521 2985 650 3056 LXXV,

408 3107 437 3146 n.
454 3089 492 3146 37
516 3087 595 3144 miles
622 3086 713 3162 lep.I
734 3086 892 3146 Minerviae
913 3107 941 3144 a.
958 3088 986 3146 V
1003 3121 1043 3130 —
1068 3090 1147 3146 rudes
1175 3087 1227 3164 lep.
1244 3087 1297 3144 XI
1318 3107 1346 3146 a.
1363 3089 1412 3146 Il'
1431 3122 1468 3132 -
1496 3091 1577 3148 miles
1605 3090 1655 3164 leq.

479 3190 637 3246 lanciariao
658 3205 685 3244 a.
704 3188 786 3245 V-
806 3199 950 3264 protector
970 3207 998 3246 a.
1016 3189 1042 3246 V
1061 3221 1100 3232 -
1124 3189 1199 3246 vixit
1220 3208 1247 3246 a.
1262 3189 1444 3260 XXXVIll,

409 3311 437 3348 n.
454 3290 491 3347 29
516 3309 598 3365 spires
619 3289 810 3347 vexillationis
833 3289 1056 3366 Fesiouesae(l)
1079 3309 1105 3348 a.
1122 3289 1231 3350 XXIII
1256 3325 1293 3334 -
1313 3301 1459 3367 protector
1480 3312 1507 3350 α.
1524 3291 1558 3350 V.

367 3411 435 3469 Hoc
457 3411 574 3469 nomine
597 3417 814 3484 protestaretus
830 3409 945 3468 duobus
963 3410 1059 3468 modis
1077 3410 1251 3468 coniunctus
1267 3421 1314 3468 est
1334 3429 1400 3468 oum
1418 3411 1566 3469 institutis
1582 3412 1656 3468 mili-

325 3513 442 3572 taribus
463 3512 574 3571 saeculi
597 3511 739 3570 melioris.
781 3510 913 3568 Primum
936 3511 1015 3587 quod
1038 3511 1240 3570 demonstrari
1261 3529 1326 3569 cum
1349 3512 1514 3570 secundum
1536 3512 1656 3570 illorum

326 3616 481 3674 titulorum
505 3614 626 3672 edebam
649 3613 786 3670 militiam
808 3613 1003 3688 legionariam
1026 3613 1145 3671 saeculo
1163 3613 1291 3671 secundo
1315 3613 1461 3688 tertioque
1484 3617 1525 3671 ita
1546 3613 1657 3672 factum

227 3717 231 3725 “
327 3735 395 3776 esse
418 3733 564 3774 asinorum
580 3715 712 3789 quinque
726 3723 755 3772 et
770 3713 885 3790 viginti,
909 3723 940 3770 ut
962 3714 1072 3774 milites
1088 3715 1238 3790 stipendia
1256 3725 1403 3773 mererent
1418 3714 1573 3772 ordinaria
1587 3715 1657 3784 XX,

326 3816 514 3885 immuniaV,
536 3823 638 3889 aperte
653 3815 683 3870 in
699 3815 917 3890 protectoribus
933 3816 979 3874 bis
995 3816 1214 3890 quodammodo
1230 3815 1357 3886 duravit,
1373 3835 1553 3892 quamquam
1569 3817 1657 3874 iidem

327 3920 404 3978 tituli
426 3917 587 3976 ostendunt
608 3917 705 3992 spatia
727 3935 786 3972 non
807 3917 895 3973 auxie
923 3925 1039 3976 retenta
1060 3936 1140 3987 esec,
1169 3918 1221 3976 aed
1249 3937 1303 3992 pro
1326 3918 1438 3976 saeculi
1465 3919 1596 3977 labentis
1623 3918 1657 3974 li·

327 4020 423 4079 ceutia
444 4018 533 4076 modo
555 4027 642 4074 aucta
662 4017 802 4088 inveniri,
830 4017 917 4074 modo
940 4017 1104 4076 imminuta.
1149 4019 1253 4077 Potest
1280 4019 1369 4076 etiam
1396 4038 1450 4093 per
1471 4021 1583 4096 gradus
1609 4037 1657 4079 res

329 4121 528 4196 processisse3
560 4119 688 4176 fortasse
716 4135 781 4176 oum
808 4127 992 4192 protectores
1018 4120 1087 4177 novi
1116 4121 1243 4196 primum
1270 4121 1375 4178 tierent
1407 4121 1512 4178 selecti
1546 4131 1657 4180 tanturn

331 4220 473 4292 veterani,
496 4218 670 4295 praesertim
693 4219 744 4294 qui
760 4219 880 4277 ordines
895 4220 1060 4290 duxissent,
1083 4239 1149 4278 eum
1172 4221 1269 4279 locum
1286 4229 1438 4296 oeperunt,
1461 4231 1568 4295 postea
1588 4241 1657 4278 vero

331 4323 427 4381 honor
455 4321 591 4398 vulgatus
619 4329 672 4378 est.
700 4351 741 4362 -
767 4318 885 4379 Deinde
912 4321 992 4396 quod
1025 4321 1231 4398 praetorianos
1261 4320 1471 4380 Diocletianus
1504 4323 1658 4393 imminuit,

334 4446 538 4455 *-

393 4506 415 4568 ¹)
435 4505 604 4556 Protectores
623 4507 692 4572 quod
711 4507 820 4558 traditur
840 4516 1001 4558 consistant
1019 4510 1055 4558 ita
1075 4509 1264 4560 emendandum
1284 4525 1340 4559 esse
1358 4516 1403 4558 aut
1421 4509 1531 4560 sortasse
1549 4511 1658 4560 scribon·

332 4601 393 4650 dum
410 4615 460 4666 pro
477 4604 626 4664 protectore.
671 4599 714 4648 Ad
738 4601 870 4665 antiquum
892 4599 1080 4650 ordinationem
1106 4600 1156 4650 hoa
1180 4615 1281 4665 quoque
1305 4602 1466 4665 aliquatenus
1490 4603 1568 4662 redit,
1590 4601 1658 4664 quod

332 4691 472 4741 secundum
491 4689 617 4739 Notitiam
637 4689 788 4754 dignitatum
808 4693 927 4756 princeps
953 4691 1033 4741 oliieii
1059 4691 1131 4741 ducis
1151 4691 1287 4756 deputatus
1313 4707 1345 4742 ex
1372 4692 1463 4742 schola
1481 4693 1605 4757 agentium
1632 4693 1659 4740 in

332 4784 408 4832 rebus
428 4789 556 4830 transacto
576 4781 663 4830 oifleio
681 4772 846 4832 ‘ducenarius
866 4775 981 4844 adorat’3
1008 4784 1106 4832 seilicet
1124 4790 1182 4847 post
1202 4783 1330 4833 institutos
1350 4791 1455 4847 agentes
1474 4783 1500 4833 in
1521 4784 1593 4834 rebus
1611 4783 1658 4830 du·

334 4874 477 4924 denariatus
497 4887 513 4920 a
532 4873 687 4935 protectoria
707 4873 830 4936 dignitate
850 4873 963 4922 divulsus
982 4879 1036 4923 tum
1055 4874 1109 4922 fere
1129 4875 1162 4923 ils
1181 4875 1256 4924 datus
1276 4882 1314 4924 ret
1327 4890 1385 4924 aum
1404 4875 1449 4939 qui
1462 4890 1506 4924 eos
1519 4889 1658 4938 praeeesse·

330 4973 390 5014 rant
408 4966 441 5014 ad
461 4965 643 5028 protectoriam
657 4964 807 5028 dignitatem
822 4965 928 5014 admissi
942 4973 1033 5014 esseut.
1049 4993 1081 5001 -
1099 4967 1251 5025 Vitalianus,
1273 4979 1348 5030 quem
1362 4967 1516 5016 Ammianus
1530 4967 1572 5026 25,
1587 4967 1627 5022 10,
1642 4965 1657 5012 9

332 5057 369 5105 sit
387 5058 495 5106 militem
515 5071 529 5103 e
548 5071 654 5106 numero
669 5055 824 5105 Herulorum
844 5055 898 5119 (qui
917 5055 944 5104 in
957 5055 1058 5106 Notitia
1076 5056 1146 5120 dign.
1167 5058 1233 5105 inter
1252 5057 1352 5106 auxilia
1364 5057 1486 5107 Palatina
1504 5055 1658 5120 comparent)

331 5147 530 5198 domesticorum
550 5147 679 5197 consortio
698 5147 850 5210 adiunctum
867 5161 931 5208 esse,
952 5163 1004 5198 uon
1025 5156 1076 5198 tum
1095 5162 1142 5212 pro
1163 5155 1284 5198 ueterano
1298 5163 1376 5213 quam
1389 5149 1495 5213 speciali
1508 5148 1589 5214 gratia
1599 5161 1658 5210 pro-

330 5245 414 5290 motus
434 5245 480 5299 est,
499 5237 554 5288 iere
573 5245 601 5288 ut
619 5238 693 5288 Data
712 5237 781 5300 (vide
800 5255 825 5304 p.
843 5239 914 5300 131).
