<?xml version="1.0" encoding="UTF-8"?>
<!DOCTYPE html PUBLIC "-//W3C//DTD XHTML 1.0 Transitional//EN"
    "http://www.w3.org/TR/xhtml1/DTD/xhtml1-transitional.dtd">
<html xmlns="http://www.w3.org/1999/xhtml" xml:lang="en" lang="en">
 <head>
  <title>
</title>
<meta http-equiv="Content-Type" content="text/html;charset=utf-8" />
  <meta name='ocr-system' content='tesseract 3.04.00' />
  <meta name='ocr-capabilities' content='ocr_page ocr_carea ocr_par ocr_line ocrx_word'/>
</head>
<body>
  <div class='ocr_page' id='page_1' title='image "./ephemerisepigra11instgoog_0130.png"; bbox 0 0 3444 5932; ppageno 0'>
   <div class='ocr_carea' id='block_1_1' title="bbox 520 558 1496 627">
    <p class='ocr_par' dir='ltr' id='par_1_1' title="bbox 520 558 1496 627">
     <span class='ocr_line' id='line_1_1' title="bbox 520 558 1496 627; baseline 0.005 -5"><span class='ocrx_word' id='word_1_1' title='bbox 520 569 822 623; x_wconf 81' lang='lat' dir='ltr'><strong>oasaavamonus</strong></span> <span class='ocrx_word' id='word_1_2' title='bbox 841 571 1131 624; x_wconf 77' lang='lat' dir='ltr'><strong>autunaafflcan.</strong></span> <span class='ocrx_word' id='word_1_3' title='bbox 1426 558 1496 627; x_wconf 88' lang='lat'><strong>119</strong></span> 
     </span>
    </p>
   </div>
   <div class='ocr_carea' id='block_1_2' title="bbox 161 740 1499 2452">
    <p class='ocr_par' dir='ltr' id='par_1_2' title="bbox 161 740 1499 2146">
     <span class='ocr_line' id='line_1_2' title="bbox 199 740 1499 826; baseline 0.006 -26"><span class='ocrx_word' id='word_1_4' title='bbox 199 740 320 801; x_wconf 83' lang='lat' dir='ltr'>Cohors</span> <span class='ocrx_word' id='word_1_5' title='bbox 341 741 466 819; x_wconf 87' lang='lat' dir='ltr'><strong>igiturI</strong></span> <span class='ocrx_word' id='word_1_6' title='bbox 488 743 604 802; x_wconf 88' lang='lat' dir='ltr'><strong>urbana</strong></span> <span class='ocrx_word' id='word_1_7' title='bbox 625 751 699 802; x_wconf 90' lang='lat' dir='ltr'><strong>teste</strong></span> <span class='ocrx_word' id='word_1_8' title='bbox 721 742 894 802; x_wconf 77' lang='lat' dir='ltr'><strong>titulant</strong></span> <span class='ocrx_word' id='word_1_9' title='bbox 917 743 1026 804; x_wconf 85' lang='lat' dir='ltr'><strong>Flavia</strong></span> <span class='ocrx_word' id='word_1_10' title='bbox 1045 743 1112 817; x_wconf 85' lang='lat' dir='ltr'><strong>fuit,</strong></span> <span class='ocrx_word' id='word_1_11' title='bbox 1134 743 1164 802; x_wconf 92' lang='lat' dir='ltr'><strong>id</strong></span> <span class='ocrx_word' id='word_1_12' title='bbox 1187 755 1234 804; x_wconf 89' lang='lat' dir='ltr'><strong>est</strong></span> <span class='ocrx_word' id='word_1_13' title='bbox 1255 747 1391 808; x_wconf 83' lang='lat' dir='ltr'><strong>instituta</strong></span> <span class='ocrx_word' id='word_1_14' title='bbox 1405 747 1499 826; x_wconf 88' lang='lat' dir='ltr'><strong>impe·</strong></span> 
     </span>
     <span class='ocr_line' id='line_1_3' title="bbox 162 843 1497 926; baseline 0.004 -22"><span class='ocrx_word' id='word_1_15' title='bbox 162 845 294 904; x_wconf 82' lang='lat' dir='ltr'><strong>rantibus</strong></span> <span class='ocrx_word' id='word_1_16' title='bbox 317 843 450 916; x_wconf 79' lang='lat' dir='ltr'><strong>Flauiis,</strong></span> <span class='ocrx_word' id='word_1_17' title='bbox 477 862 604 920; x_wconf 85' lang='lat' dir='ltr'><strong>cumque</strong></span> <span class='ocrx_word' id='word_1_18' title='bbox 625 851 701 903; x_wconf 88' lang='lat' dir='ltr'><strong>teste</strong></span> <span class='ocrx_word' id='word_1_19' title='bbox 722 845 810 904; x_wconf 92' lang='lat' dir='ltr'><strong>titulo</strong></span> <span class='ocrx_word' id='word_1_20' title='bbox 833 845 896 904; x_wconf 87' lang='lat' dir='ltr'><strong>n.3</strong></span> <span class='ocrx_word' id='word_1_21' title='bbox 925 845 985 904; x_wconf 88' lang='lat' dir='ltr'><strong>ism</strong></span> <span class='ocrx_word' id='word_1_22' title='bbox 1012 865 1040 905; x_wconf 88' lang='lat' dir='ltr'><strong>a.</strong></span> <span class='ocrx_word' id='word_1_23' title='bbox 1057 845 1095 904; x_wconf 85' lang='grc'><strong>73</strong></span> <span class='ocrx_word' id='word_1_24' title='bbox 1123 846 1267 919; x_wconf 82' lang='lat' dir='ltr'><strong>extiterit,</strong></span> <span class='ocrx_word' id='word_1_25' title='bbox 1291 848 1497 926; x_wconf 78' lang='lat' dir='ltr'>Vespasianus</span> 
     </span>
     <span class='ocr_line' id='line_1_4' title="bbox 161 946 1495 1012; baseline 0.003 -6"><span class='ocrx_word' id='word_1_26' title='bbox 161 965 280 1007; x_wconf 87' lang='lat' dir='ltr'><strong>neeesse</strong></span> <span class='ocrx_word' id='word_1_27' title='bbox 303 953 351 1006; x_wconf 91' lang='lat' dir='ltr'><strong>est</strong></span> <span class='ocrx_word' id='word_1_28' title='bbox 372 963 438 1005; x_wconf 82' lang='lat' dir='ltr'><strong>eam</strong></span> <span class='ocrx_word' id='word_1_29' title='bbox 453 946 571 1006; x_wconf 86' lang='lat' dir='ltr'><strong>crearit.</strong></span> <span class='ocrx_word' id='word_1_30' title='bbox 607 946 686 1005; x_wconf 86' lang='lat' dir='ltr'><strong>Eum</strong></span> <span class='ocrx_word' id='word_1_31' title='bbox 701 965 767 1006; x_wconf 91' lang='lat' dir='ltr'><strong>oum</strong></span> <span class='ocrx_word' id='word_1_32' title='bbox 782 965 822 1006; x_wconf 82' lang='lat' dir='ltr'><strong>ex</strong></span> <span class='ocrx_word' id='word_1_33' title='bbox 837 965 936 1007; x_wconf 88' lang='lat' dir='ltr'><strong>rerum</strong></span> <span class='ocrx_word' id='word_1_34' title='bbox 951 948 1097 1006; x_wconf 88' lang='lat' dir='ltr'><strong>memoria</strong></span> <span class='ocrx_word' id='word_1_35' title='bbox 1112 955 1227 1008; x_wconf 90' lang='lat' dir='ltr'><strong>constet</strong></span> <span class='ocrx_word' id='word_1_36' title='bbox 1241 949 1358 1010; x_wconf 89' lang='lat' dir='ltr'><strong>devicto</strong></span> <span class='ocrx_word' id='word_1_37' title='bbox 1374 951 1495 1012; x_wconf 88' lang='lat' dir='ltr'><strong>Vitellio</strong></span> 
     </span>
     <span class='ocr_line' id='line_1_5' title="bbox 162 1049 1497 1125; baseline 0.004 -16"><span class='ocrx_word' id='word_1_38' title='bbox 162 1049 298 1109; x_wconf 86' lang='lat' dir='ltr'><strong>cohortes</strong></span> <span class='ocrx_word' id='word_1_39' title='bbox 321 1057 383 1108; x_wconf 65' lang='lat' dir='ltr'><strong>mm</strong></span> <span class='ocrx_word' id='word_1_40' title='bbox 405 1049 574 1123; x_wconf 86' lang='lat' dir='ltr'><strong>praetorias</strong></span> <span class='ocrx_word' id='word_1_41' title='bbox 595 1067 686 1124; x_wconf 90' lang='lat' dir='ltr'><strong>quam</strong></span> <span class='ocrx_word' id='word_1_42' title='bbox 707 1049 837 1108; x_wconf 88' lang='lat' dir='ltr'><strong>urbanas</strong></span> <span class='ocrx_word' id='word_1_43' title='bbox 864 1049 903 1108; x_wconf 89' lang='lat' dir='ltr'><strong>ab</strong></span> <span class='ocrx_word' id='word_1_44' title='bbox 928 1049 984 1108; x_wconf 93' lang='lat' dir='ltr'><strong>hoc</strong></span> <span class='ocrx_word' id='word_1_45' title='bbox 1011 1050 1196 1125; x_wconf 88' lang='lat' dir='ltr'><strong>conscriptas</strong></span> <span class='ocrx_word' id='word_1_46' title='bbox 1225 1061 1440 1113; x_wconf 85' lang='lat' dir='ltr'><strong>exauctorasse</strong></span> <span class='ocrx_word' id='word_1_47' title='bbox 1466 1061 1497 1114; x_wconf 87' lang='lat' dir='ltr'><strong>et</strong></span> 
     </span>
     <span class='ocr_line' id='line_1_6' title="bbox 161 1147 1496 1227; baseline 0.003 -16"><span class='ocrx_word' id='word_1_48' title='bbox 161 1161 251 1211; x_wconf 88' lang='lat' dir='ltr'><strong>totum</strong></span> <span class='ocrx_word' id='word_1_49' title='bbox 273 1151 333 1209; x_wconf 92' lang='lat' dir='ltr'><strong>hoc</strong></span> <span class='ocrx_word' id='word_1_50' title='bbox 355 1149 484 1209; x_wconf 90' lang='lat' dir='ltr'><strong>militum</strong></span> <span class='ocrx_word' id='word_1_51' title='bbox 505 1167 599 1227; x_wconf 93' lang='lat' dir='ltr'><strong>genus</strong></span> <span class='ocrx_word' id='word_1_52' title='bbox 621 1167 701 1210; x_wconf 82' lang='lat' dir='ltr'><strong>nora</strong></span> <span class='ocrx_word' id='word_1_53' title='bbox 721 1151 838 1210; x_wconf 88' lang='lat' dir='ltr'><strong>ratione</strong></span> <span class='ocrx_word' id='word_1_54' title='bbox 860 1147 1097 1226; x_wconf 82' lang='lat' dir='ltr'><strong>ordinavisse¹),</strong></span> <span class='ocrx_word' id='word_1_55' title='bbox 1124 1153 1188 1210; x_wconf 90' lang='lat' dir='ltr'><strong>eius</strong></span> <span class='ocrx_word' id='word_1_56' title='bbox 1211 1155 1408 1214; x_wconf 80' lang='lat' dir='ltr'><strong>ordinationis</strong></span> <span class='ocrx_word' id='word_1_57' title='bbox 1432 1157 1496 1215; x_wconf 88' lang='lat' dir='ltr'><strong>sine</strong></span> 
     </span>
     <span class='ocr_line' id='line_1_7' title="bbox 163 1249 1495 1332; baseline 0.002 -18"><span class='ocrx_word' id='word_1_58' title='bbox 163 1255 247 1314; x_wconf 92' lang='lat' dir='ltr'><strong>dubio</strong></span> <span class='ocrx_word' id='word_1_59' title='bbox 269 1271 343 1332; x_wconf 86' lang='lat' dir='ltr'><strong>pars</strong></span> <span class='ocrx_word' id='word_1_60' title='bbox 364 1251 422 1311; x_wconf 83' lang='lat' dir='ltr'><strong>suit</strong></span> <span class='ocrx_word' id='word_1_61' title='bbox 442 1249 582 1311; x_wconf 88' lang='lat' dir='ltr'><strong>cohorsI</strong></span> <span class='ocrx_word' id='word_1_62' title='bbox 602 1253 640 1310; x_wconf 91' lang='lat' dir='ltr'><strong>ab</strong></span> <span class='ocrx_word' id='word_1_63' title='bbox 662 1271 698 1311; x_wconf 92' lang='lat' dir='ltr'><strong>eo</strong></span> <span class='ocrx_word' id='word_1_64' title='bbox 719 1253 866 1312; x_wconf 89' lang='lat' dir='ltr'><strong>instituta.</strong></span> <span class='ocrx_word' id='word_1_65' title='bbox 905 1253 1052 1312; x_wconf 89' lang='lat' dir='ltr'><strong>Mansisse</strong></span> <span class='ocrx_word' id='word_1_66' title='bbox 1075 1271 1140 1312; x_wconf 90' lang='lat' dir='ltr'><strong>eam</strong></span> <span class='ocrx_word' id='word_1_67' title='bbox 1163 1263 1243 1314; x_wconf 89' lang='lat' dir='ltr'><strong>certe</strong></span> <span class='ocrx_word' id='word_1_68' title='bbox 1265 1255 1302 1314; x_wconf 89' lang='lat' dir='ltr'><strong>ad</strong></span> <span class='ocrx_word' id='word_1_69' title='bbox 1319 1257 1430 1316; x_wconf 88' lang='lat' dir='ltr'><strong>saeculi</strong></span> <span class='ocrx_word' id='word_1_70' title='bbox 1445 1257 1495 1316; x_wconf 90' lang='lat'><strong>111</strong></span> 
     </span>
     <span class='ocr_line' id='line_1_8' title="bbox 162 1353 1494 1432; baseline 0.002 -18"><span class='ocrx_word' id='word_1_71' title='bbox 162 1357 274 1416; x_wconf 91' lang='lat' dir='ltr'><strong>initium</strong></span> <span class='ocrx_word' id='word_1_72' title='bbox 291 1354 442 1430; x_wconf 79' lang='lat' dir='ltr'><strong>colligitur</strong></span> <span class='ocrx_word' id='word_1_73' title='bbox 456 1371 495 1412; x_wconf 86' lang='lat' dir='ltr'><strong>ex</strong></span> <span class='ocrx_word' id='word_1_74' title='bbox 510 1353 597 1414; x_wconf 88' lang='lat' dir='ltr'><strong>titulo</strong></span> <span class='ocrx_word' id='word_1_75' title='bbox 613 1373 641 1413; x_wconf 91' lang='lat' dir='ltr'><strong>u.</strong></span> <span class='ocrx_word' id='word_1_76' title='bbox 655 1353 684 1426; x_wconf 78' lang='grc'><strong>7,</strong></span> <span class='ocrx_word' id='word_1_77' title='bbox 706 1355 756 1414; x_wconf 94' lang='lat' dir='ltr'><strong>ubi</strong></span> <span class='ocrx_word' id='word_1_78' title='bbox 774 1358 951 1432; x_wconf 90' lang='lat' dir='ltr'><strong>cognomine</strong></span> <span class='ocrx_word' id='word_1_79' title='bbox 966 1356 1060 1414; x_wconf 90' lang='lat' dir='ltr'><strong>utitur</strong></span> <span class='ocrx_word' id='word_1_80' title='bbox 1072 1357 1304 1416; x_wconf 80' lang='lat' dir='ltr'><strong>Antoninianae.</strong></span> <span class='ocrx_word' id='word_1_81' title='bbox 1322 1391 1360 1401; x_wconf 96' lang='lat'>—</span> <span class='ocrx_word' id='word_1_82' title='bbox 1385 1356 1494 1418; x_wconf 88' lang='lat' dir='ltr'><strong>Castra</strong></span> 
     </span>
     <span class='ocr_line' id='line_1_9' title="bbox 163 1455 1492 1538; baseline 0.002 -22"><span class='ocrx_word' id='word_1_83' title='bbox 163 1459 208 1516; x_wconf 91' lang='lat' dir='ltr'><strong>ubi</strong></span> <span class='ocrx_word' id='word_1_84' title='bbox 228 1457 369 1516; x_wconf 88' lang='lat' dir='ltr'><strong>habuerit</strong></span> <span class='ocrx_word' id='word_1_85' title='bbox 394 1456 420 1514; x_wconf 90' lang='lat' dir='ltr'><strong>si</strong></span> <span class='ocrx_word' id='word_1_86' title='bbox 442 1455 628 1532; x_wconf 77' lang='lat' dir='ltr'><strong>quaerimus,</strong></span> <span class='ocrx_word' id='word_1_87' title='bbox 655 1463 742 1516; x_wconf 85' lang='lat' dir='ltr'><strong>extra</strong></span> <span class='ocrx_word' id='word_1_88' title='bbox 762 1455 891 1515; x_wconf 85' lang='lat' dir='ltr'><strong>Romam</strong></span> <span class='ocrx_word' id='word_1_89' title='bbox 912 1473 949 1514; x_wconf 92' lang='lat' dir='ltr'><strong>ea</strong></span> <span class='ocrx_word' id='word_1_90' title='bbox 973 1455 1066 1515; x_wconf 85' lang='lat' dir='ltr'><strong>fuisse</strong></span> <span class='ocrx_word' id='word_1_91' title='bbox 1093 1457 1162 1515; x_wconf 92' lang='lat' dir='ltr'><strong>iude</strong></span> <span class='ocrx_word' id='word_1_92' title='bbox 1188 1460 1382 1538; x_wconf 89' lang='lat' dir='ltr'><strong>intellegitur,</strong></span> <span class='ocrx_word' id='word_1_93' title='bbox 1411 1460 1492 1536; x_wconf 89' lang='lat' dir='ltr'><strong>quod</strong></span> 
     </span>
     <span class='ocr_line' id='line_1_10' title="bbox 164 1557 1491 1639; baseline 0.001 -21"><span class='ocrx_word' id='word_1_94' title='bbox 164 1559 269 1618; x_wconf 89' lang='lat' dir='ltr'><strong>tribuni</strong></span> <span class='ocrx_word' id='word_1_95' title='bbox 290 1557 410 1635; x_wconf 88' lang='lat' dir='ltr'><strong>quidem</strong></span> <span class='ocrx_word' id='word_1_96' title='bbox 432 1568 463 1616; x_wconf 88' lang='lat' dir='ltr'><strong>et</strong></span> <span class='ocrx_word' id='word_1_97' title='bbox 484 1558 626 1630; x_wconf 82' lang='lat' dir='ltr'><strong>veterani,</strong></span> <span class='ocrx_word' id='word_1_98' title='bbox 650 1557 702 1617; x_wconf 90' lang='lat' dir='ltr'><strong>sed</strong></span> <span class='ocrx_word' id='word_1_99' title='bbox 724 1576 762 1616; x_wconf 88' lang='lat' dir='ltr'><strong>ue</strong></span> <span class='ocrx_word' id='word_1_100' title='bbox 784 1575 860 1616; x_wconf 89' lang='lat' dir='ltr'><strong>uuus</strong></span> <span class='ocrx_word' id='word_1_101' title='bbox 874 1557 994 1634; x_wconf 89' lang='lat' dir='ltr'><strong>quidem</strong></span> <span class='ocrx_word' id='word_1_102' title='bbox 1010 1557 1114 1617; x_wconf 90' lang='lat' dir='ltr'><strong>militis</strong></span> <span class='ocrx_word' id='word_1_103' title='bbox 1129 1559 1194 1617; x_wconf 90' lang='lat' dir='ltr'><strong>eius</strong></span> <span class='ocrx_word' id='word_1_104' title='bbox 1215 1561 1321 1620; x_wconf 91' lang='lat' dir='ltr'><strong>titulus</strong></span> <span class='ocrx_word' id='word_1_105' title='bbox 1338 1563 1378 1636; x_wconf 85' lang='lat' dir='ltr'><strong>ibi</strong></span> <span class='ocrx_word' id='word_1_106' title='bbox 1393 1581 1491 1639; x_wconf 89' lang='lat' dir='ltr'><strong>reper-</strong></span> 
     </span>
     <span class='ocr_line' id='line_1_11' title="bbox 166 1657 1490 1740; baseline 0.001 -19"><span class='ocrx_word' id='word_1_107' title='bbox 166 1677 209 1722; x_wconf 85' lang='lat' dir='ltr'><strong>tus</strong></span> <span class='ocrx_word' id='word_1_108' title='bbox 234 1668 289 1720; x_wconf 82' lang='lat' dir='ltr'><strong>est.</strong></span> <span class='ocrx_word' id='word_1_109' title='bbox 338 1659 434 1718; x_wconf 88' lang='lat' dir='ltr'><strong>Immo</strong></span> <span class='ocrx_word' id='word_1_110' title='bbox 462 1659 571 1718; x_wconf 89' lang='lat' dir='ltr'><strong>indicia</strong></span> <span class='ocrx_word' id='word_1_111' title='bbox 596 1659 658 1718; x_wconf 86' lang='lat' dir='ltr'><strong>alia</strong></span> <span class='ocrx_word' id='word_1_112' title='bbox 678 1657 879 1736; x_wconf 85' lang='lat' dir='ltr'><strong>Lugudunum</strong></span> <span class='ocrx_word' id='word_1_113' title='bbox 906 1659 1031 1731; x_wconf 87' lang='lat' dir='ltr'><strong>ducunt,</strong></span> <span class='ocrx_word' id='word_1_114' title='bbox 1058 1659 1119 1718; x_wconf 88' lang='lat' dir='ltr'><strong>alia</strong></span> <span class='ocrx_word' id='word_1_115' title='bbox 1141 1657 1362 1740; x_wconf 78' lang='lat' dir='ltr'><strong>Carthaginem.</strong></span> <span class='ocrx_word' id='word_1_116' title='bbox 1411 1662 1490 1722; x_wconf 88' lang='lat' dir='ltr'><strong>Nam</strong></span> 
     </span>
     <span class='ocr_line' id='line_1_12' title="bbox 166 1760 1490 1842; baseline 0 -19"><span class='ocrx_word' id='word_1_117' title='bbox 166 1763 315 1840; x_wconf 74' lang='lat' dir='ltr'><strong>Luguduni</strong></span> <span class='ocrx_word' id='word_1_118' title='bbox 336 1761 449 1839; x_wconf 91' lang='lat' dir='ltr'><strong>prodiit</strong></span> <span class='ocrx_word' id='word_1_119' title='bbox 470 1761 575 1820; x_wconf 89' lang='lat' dir='ltr'><strong>titulus</strong></span> <span class='ocrx_word' id='word_1_120' title='bbox 596 1761 702 1820; x_wconf 90' lang='lat' dir='ltr'><strong>militis</strong></span> <span class='ocrx_word' id='word_1_121' title='bbox 724 1780 753 1819; x_wconf 92' lang='lat' dir='ltr'><strong>n.</strong></span> <span class='ocrx_word' id='word_1_122' title='bbox 768 1760 804 1831; x_wconf 84' lang='lat'><strong>5,</strong></span> <span class='ocrx_word' id='word_1_123' title='bbox 833 1762 943 1837; x_wconf 90' lang='lat' dir='ltr'><strong>quique</strong></span> <span class='ocrx_word' id='word_1_124' title='bbox 968 1771 1189 1822; x_wconf 91' lang='lat' dir='ltr'><strong>mouumentum</strong></span> <span class='ocrx_word' id='word_1_125' title='bbox 1217 1765 1273 1823; x_wconf 89' lang='lat' dir='ltr'><strong>sibi</strong></span> <span class='ocrx_word' id='word_1_126' title='bbox 1299 1765 1371 1824; x_wconf 86' lang='lat' dir='ltr'><strong>fecit</strong></span> <span class='ocrx_word' id='word_1_127' title='bbox 1397 1783 1490 1842; x_wconf 89' lang='lat' dir='ltr'><strong>prope</strong></span> 
     </span>
     <span class='ocr_line' id='line_1_13' title="bbox 168 1859 1491 1942; baseline -0.001 -16"><span class='ocrx_word' id='word_1_128' title='bbox 168 1863 312 1926; x_wconf 79' lang='lat' dir='ltr'><strong>Genavam</strong></span> <span class='ocrx_word' id='word_1_129' title='bbox 332 1863 363 1922; x_wconf 90' lang='lat' dir='ltr'><strong>iu</strong></span> <span class='ocrx_word' id='word_1_130' title='bbox 377 1861 533 1940; x_wconf 86' lang='lat' dir='ltr'><strong>provincia</strong></span> <span class='ocrx_word' id='word_1_131' title='bbox 545 1859 739 1922; x_wconf 87' lang='lat' dir='ltr'><strong>Narbonensi</strong></span> <span class='ocrx_word' id='word_1_132' title='bbox 758 1873 893 1922; x_wconf 89' lang='lat' dir='ltr'><strong>extrema</strong></span> <span class='ocrx_word' id='word_1_133' title='bbox 914 1867 1048 1921; x_wconf 86' lang='lat' dir='ltr'><strong>centurio</strong></span> <span class='ocrx_word' id='word_1_134' title='bbox 1070 1883 1099 1922; x_wconf 90' lang='lat' dir='ltr'><strong>u.</strong></span> <span class='ocrx_word' id='word_1_135' title='bbox 1116 1865 1144 1935; x_wconf 88' lang='lat'><strong>3,</strong></span> <span class='ocrx_word' id='word_1_136' title='bbox 1167 1865 1193 1924; x_wconf 89' lang='lat' dir='ltr'><strong>is</strong></span> <span class='ocrx_word' id='word_1_137' title='bbox 1208 1867 1274 1942; x_wconf 91' lang='lat' dir='ltr'><strong>ipse</strong></span> <span class='ocrx_word' id='word_1_138' title='bbox 1288 1868 1331 1926; x_wconf 89' lang='lat' dir='ltr'><strong>ait</strong></span> <span class='ocrx_word' id='word_1_139' title='bbox 1345 1867 1491 1926; x_wconf 89' lang='lat' dir='ltr'><strong>meruisse</strong></span> 
     </span>
     <span class='ocr_line' id='line_1_14' title="bbox 173 1963 1489 2044; baseline 0 -18"><span class='ocrx_word' id='word_1_140' title='bbox 173 1987 201 2027; x_wconf 87' lang='lat' dir='ltr'><strong>ae</strong></span> <span class='ocrx_word' id='word_1_141' title='bbox 218 1967 268 2026; x_wconf 87' lang='lat' dir='ltr'><strong>sub</strong></span> <span class='ocrx_word' id='word_1_142' title='bbox 288 1965 396 2044; x_wconf 88' lang='lat' dir='ltr'><strong>legatis</strong></span> <span class='ocrx_word' id='word_1_143' title='bbox 411 1965 550 2044; x_wconf 80' lang='lat' dir='ltr'><strong>Augusti,</strong></span> <span class='ocrx_word' id='word_1_144' title='bbox 573 1965 745 2039; x_wconf 85' lang='lat' dir='ltr'><strong>provinciae</strong></span> <span class='ocrx_word' id='word_1_145' title='bbox 760 1965 873 2023; x_wconf 89' lang='lat' dir='ltr'><strong>scilicet</strong></span> <span class='ocrx_word' id='word_1_146' title='bbox 888 1965 1044 2042; x_wconf 88' lang='lat' dir='ltr'><strong>proximae</strong></span> <span class='ocrx_word' id='word_1_147' title='bbox 1058 1963 1339 2043; x_wconf 65' lang='lat' dir='ltr'><strong>Lugudunensisl).</strong></span> <span class='ocrx_word' id='word_1_148' title='bbox 1363 1965 1489 2026; x_wconf 89' lang='lat' dir='ltr'><strong>Cartha·</strong></span> 
     </span>
     <span class='ocr_line' id='line_1_15' title="bbox 180 2064 1489 2146; baseline 0.002 -20"><span class='ocrx_word' id='word_1_149' title='bbox 180 2071 233 2146; x_wconf 88' lang='lat' dir='ltr'><strong>gine</strong></span> <span class='ocrx_word' id='word_1_150' title='bbox 250 2077 346 2127; x_wconf 87' lang='lat' dir='ltr'><strong>auteur</strong></span> <span class='ocrx_word' id='word_1_151' title='bbox 368 2067 543 2144; x_wconf 89' lang='lat' dir='ltr'><strong>prodierunt</strong></span> <span class='ocrx_word' id='word_1_152' title='bbox 563 2065 644 2125; x_wconf 91' lang='lat' dir='ltr'><strong>tituli</strong></span> <span class='ocrx_word' id='word_1_153' title='bbox 665 2065 725 2124; x_wconf 91' lang='lat' dir='ltr'><strong>duo</strong></span> <span class='ocrx_word' id='word_1_154' title='bbox 746 2085 775 2124; x_wconf 93' lang='lat' dir='ltr'><strong>n.</strong></span> <span class='ocrx_word' id='word_1_155' title='bbox 793 2065 820 2124; x_wconf 90' lang='lat'><strong>8.</strong></span> <span class='ocrx_word' id='word_1_156' title='bbox 838 2067 867 2138; x_wconf 83' lang='lat'><strong>9,</strong></span> <span class='ocrx_word' id='word_1_157' title='bbox 889 2067 919 2124; x_wconf 92' lang='lat' dir='ltr'><strong>in</strong></span> <span class='ocrx_word' id='word_1_158' title='bbox 934 2064 1079 2124; x_wconf 89' lang='lat' dir='ltr'><strong>Numidia</strong></span> <span class='ocrx_word' id='word_1_159' title='bbox 1098 2085 1126 2126; x_wconf 97' lang='lat' dir='ltr'><strong>n.</strong></span> <span class='ocrx_word' id='word_1_160' title='bbox 1141 2067 1168 2126; x_wconf 93' lang='grc'><strong>7.</strong></span> <span class='ocrx_word' id='word_1_161' title='bbox 1188 2069 1235 2140; x_wconf 91' lang='grc'><strong>10,</strong></span> <span class='ocrx_word' id='word_1_162' title='bbox 1258 2069 1286 2127; x_wconf 92' lang='lat' dir='ltr'><strong>in</strong></span> <span class='ocrx_word' id='word_1_163' title='bbox 1302 2069 1489 2128; x_wconf 83' lang='lat' dir='ltr'><strong>Mauretania</strong></span> 
     </span>
    </p>

    <p class='ocr_par' dir='ltr' id='par_1_3' title="bbox 176 2165 1487 2452">
     <span class='ocr_line' id='line_1_16' title="bbox 183 2165 1487 2248; baseline 0.002 -20"><span class='ocrx_word' id='word_1_164' title='bbox 183 2191 206 2228; x_wconf 92' lang='lat' dir='ltr'><strong>n.</strong></span> <span class='ocrx_word' id='word_1_165' title='bbox 218 2172 240 2228; x_wconf 86' lang='grc'><strong>4.</strong></span> <span class='ocrx_word' id='word_1_166' title='bbox 268 2169 389 2230; x_wconf 78' lang='lat' dir='ltr'><strong>Accedit</strong></span> <span class='ocrx_word' id='word_1_167' title='bbox 403 2168 483 2246; x_wconf 89' lang='lat' dir='ltr'><strong>quod</strong></span> <span class='ocrx_word' id='word_1_168' title='bbox 497 2167 556 2227; x_wconf 92' lang='lat' dir='ltr'><strong>duo</strong></span> <span class='ocrx_word' id='word_1_169' title='bbox 578 2167 689 2227; x_wconf 89' lang='lat' dir='ltr'><strong>milites</strong></span> <span class='ocrx_word' id='word_1_170' title='bbox 711 2187 740 2227; x_wconf 91' lang='lat' dir='ltr'><strong>n.</strong></span> <span class='ocrx_word' id='word_1_171' title='bbox 757 2167 775 2226; x_wconf 88' lang='lat'><strong>6</strong></span> <span class='ocrx_word' id='word_1_172' title='bbox 798 2167 887 2226; x_wconf 92' lang='lat' dir='ltr'><strong>domo</strong></span> <span class='ocrx_word' id='word_1_173' title='bbox 903 2165 1050 2226; x_wconf 85' lang='lat' dir='ltr'><strong>Cirtensis</strong></span> <span class='ocrx_word' id='word_1_174' title='bbox 1073 2176 1102 2226; x_wconf 92' lang='lat' dir='ltr'><strong>et</strong></span> <span class='ocrx_word' id='word_1_175' title='bbox 1123 2171 1183 2228; x_wconf 88' lang='lat' dir='ltr'><strong>n.4</strong></span> <span class='ocrx_word' id='word_1_176' title='bbox 1207 2172 1382 2248; x_wconf 89' lang='lat' dir='ltr'><strong>cognomine</strong></span> <span class='ocrx_word' id='word_1_177' title='bbox 1402 2181 1487 2231; x_wconf 88' lang='lat' dir='ltr'><strong>utens</strong></span> 
     </span>
     <span class='ocr_line' id='line_1_17' title="bbox 180 2269 1487 2349; baseline 0.002 -19"><span class='ocrx_word' id='word_1_178' title='bbox 180 2271 272 2332; x_wconf 79' lang='lat' dir='ltr'><strong>Punico</strong></span> <span class='ocrx_word' id='word_1_179' title='bbox 291 2273 437 2348; x_wconf 78' lang='lat' dir='ltr'><strong>originem</strong></span> <span class='ocrx_word' id='word_1_180' title='bbox 462 2289 534 2348; x_wconf 88' lang='lat' dir='ltr'><strong>prae</strong></span> <span class='ocrx_word' id='word_1_181' title='bbox 557 2289 590 2330; x_wconf 91' lang='lat' dir='ltr'><strong>se</strong></span> <span class='ocrx_word' id='word_1_182' title='bbox 615 2269 714 2328; x_wconf 84' lang='lat' dir='ltr'><strong>terunt</strong></span> <span class='ocrx_word' id='word_1_183' title='bbox 735 2269 923 2342; x_wconf 70' lang='lat' dir='ltr'><strong>Africanam</strong></span> <span class='ocrx_word' id='word_1_184' title='bbox 952 2277 1067 2329; x_wconf 85' lang='lat' dir='ltr'><strong>mature</strong></span> <span class='ocrx_word' id='word_1_185' title='bbox 1094 2273 1172 2330; x_wconf 88' lang='lat' dir='ltr'><strong>enlm</strong></span> <span class='ocrx_word' id='word_1_186' title='bbox 1199 2273 1229 2332; x_wconf 92' lang='lat' dir='ltr'><strong>iu</strong></span> <span class='ocrx_word' id='word_1_187' title='bbox 1256 2274 1411 2348; x_wconf 87' lang='lat' dir='ltr'><strong>provincia</strong></span> <span class='ocrx_word' id='word_1_188' title='bbox 1436 2275 1487 2349; x_wconf 91' lang='lat' dir='ltr'><strong>qui</strong></span> 
     </span>
     <span class='ocr_line' id='line_1_18' title="bbox 176 2371 1485 2452; baseline 0.001 -21"><span class='ocrx_word' id='word_1_189' title='bbox 176 2385 303 2434; x_wconf 84' lang='lat' dir='ltr'><strong>mererent</strong></span> <span class='ocrx_word' id='word_1_190' title='bbox 324 2393 363 2433; x_wconf 87' lang='lat' dir='ltr'><strong>ex</strong></span> <span class='ocrx_word' id='word_1_191' title='bbox 384 2374 454 2452; x_wconf 89' lang='lat' dir='ltr'><strong>ipse</strong></span> <span class='ocrx_word' id='word_1_192' title='bbox 474 2371 580 2432; x_wconf 88' lang='lat' dir='ltr'><strong>delecti</strong></span> <span class='ocrx_word' id='word_1_193' title='bbox 602 2381 685 2443; x_wconf 82' lang='lat' dir='ltr'><strong>suut3</strong></span> <span class='ocrx_word' id='word_1_194' title='bbox 707 2371 777 2431; x_wconf 91' lang='lat' dir='ltr'><strong>item</strong></span> <span class='ocrx_word' id='word_1_195' title='bbox 800 2371 882 2449; x_wconf 90' lang='lat' dir='ltr'><strong>quod</strong></span> <span class='ocrx_word' id='word_1_196' title='bbox 897 2372 1027 2430; x_wconf 88' lang='lat' dir='ltr'><strong>veterani</strong></span> <span class='ocrx_word' id='word_1_197' title='bbox 1050 2390 1078 2429; x_wconf 93' lang='lat' dir='ltr'><strong>n.</strong></span> <span class='ocrx_word' id='word_1_198' title='bbox 1095 2373 1112 2430; x_wconf 85' lang='lat'>9</span> <span class='ocrx_word' id='word_1_199' title='bbox 1130 2381 1159 2431; x_wconf 92' lang='lat' dir='ltr'><strong>et</strong></span> <span class='ocrx_word' id='word_1_200' title='bbox 1177 2372 1212 2431; x_wconf 80' lang='lat'><strong>12</strong></span> <span class='ocrx_word' id='word_1_201' title='bbox 1229 2385 1298 2450; x_wconf 88' lang='lat' dir='ltr'><strong>post</strong></span> <span class='ocrx_word' id='word_1_202' title='bbox 1312 2376 1485 2434; x_wconf 86' lang='lat' dir='ltr'><strong>missionem</strong></span> 
     </span>
    </p>
   </div>
   <div class='ocr_carea' id='block_1_3' title="bbox 59 2473 1487 2554">
    <p class='ocr_par' dir='ltr' id='par_1_4' title="bbox 59 2473 1487 2554">
     <span class='ocr_line' id='line_1_19' title="bbox 59 2473 1487 2554; baseline 0.001 -20"><span class='ocrx_word' id='word_1_203' title='bbox 59 2507 61 2512; x_wconf 68' lang='lat'><strong>,</strong></span> <span class='ocrx_word' id='word_1_204' title='bbox 171 2476 308 2536; x_wconf 77' lang='lat' dir='ltr'><strong>Hadauris</strong></span> <span class='ocrx_word' id='word_1_205' title='bbox 328 2476 375 2534; x_wconf 81' lang='lat' dir='ltr'><strong>rel</strong></span> <span class='ocrx_word' id='word_1_206' title='bbox 396 2473 579 2550; x_wconf 77' lang='lat' dir='ltr'><strong>Carthagine</strong></span> <span class='ocrx_word' id='word_1_207' title='bbox 605 2473 696 2532; x_wconf 82' lang='lat' dir='ltr'><strong>vitam</strong></span> <span class='ocrx_word' id='word_1_208' title='bbox 724 2479 901 2550; x_wconf 86' lang='lat' dir='ltr'><strong>exegerunt,</strong></span> <span class='ocrx_word' id='word_1_209' title='bbox 927 2491 996 2532; x_wconf 89' lang='lat' dir='ltr'><strong>nam</strong></span> <span class='ocrx_word' id='word_1_210' title='bbox 1023 2490 1238 2550; x_wconf 83' lang='lat' dir='ltr'><strong>saepenumero</strong></span> <span class='ocrx_word' id='word_1_211' title='bbox 1259 2477 1392 2537; x_wconf 89' lang='lat' dir='ltr'><strong>veterani</strong></span> <span class='ocrx_word' id='word_1_212' title='bbox 1417 2485 1487 2554; x_wconf 89' lang='lat' dir='ltr'><strong>post</strong></span> 
     </span>
    </p>
   </div>
   <div class='ocr_carea' id='block_1_4' title="bbox 148 2575 1484 3671">
    <p class='ocr_par' dir='ltr' id='par_1_5' title="bbox 169 2575 1177 2654">
     <span class='ocr_line' id='line_1_20' title="bbox 169 2575 1177 2654; baseline 0.002 -20"><span class='ocrx_word' id='word_1_213' title='bbox 169 2579 326 2637; x_wconf 83' lang='lat' dir='ltr'><strong>missionem</strong></span> <span class='ocrx_word' id='word_1_214' title='bbox 348 2579 378 2636; x_wconf 93' lang='lat' dir='ltr'><strong>in</strong></span> <span class='ocrx_word' id='word_1_215' title='bbox 401 2576 558 2654; x_wconf 82' lang='lat' dir='ltr'><strong>provincia</strong></span> <span class='ocrx_word' id='word_1_216' title='bbox 579 2576 629 2634; x_wconf 92' lang='lat' dir='ltr'><strong>ubi</strong></span> <span class='ocrx_word' id='word_1_217' title='bbox 651 2575 815 2634; x_wconf 84' lang='lat' dir='ltr'><strong>militarunt</strong></span> <span class='ocrx_word' id='word_1_218' title='bbox 836 2575 937 2633; x_wconf 91' lang='lat' dir='ltr'><strong>sedem</strong></span> <span class='ocrx_word' id='word_1_219' title='bbox 960 2575 1177 2636; x_wconf 84' lang='lat' dir='ltr'><strong>stabiliverunt.</strong></span> 
     </span>
    </p>

    <p class='ocr_par' dir='ltr' id='par_1_6' title="bbox 151 2677 1484 3368">
     <span class='ocr_line' id='line_1_21' title="bbox 208 2677 1484 2757; baseline 0.002 -19"><span class='ocrx_word' id='word_1_220' title='bbox 208 2677 286 2738; x_wconf 84' lang='lat' dir='ltr'><strong>Cadit</strong></span> <span class='ocrx_word' id='word_1_221' title='bbox 305 2680 395 2757; x_wconf 89' lang='lat' dir='ltr'><strong>igitur</strong></span> <span class='ocrx_word' id='word_1_222' title='bbox 415 2681 447 2738; x_wconf 93' lang='lat' dir='ltr'><strong>in</strong></span> <span class='ocrx_word' id='word_1_223' title='bbox 469 2679 622 2738; x_wconf 87' lang='lat' dir='ltr'><strong>cohortem</strong></span> <span class='ocrx_word' id='word_1_224' title='bbox 644 2678 770 2753; x_wconf 87' lang='lat' dir='ltr'><strong>primam</strong></span> <span class='ocrx_word' id='word_1_225' title='bbox 786 2677 930 2736; x_wconf 89' lang='lat' dir='ltr'><strong>urbanam</strong></span> <span class='ocrx_word' id='word_1_226' title='bbox 944 2677 975 2736; x_wconf 92' lang='lat' dir='ltr'><strong>id</strong></span> <span class='ocrx_word' id='word_1_227' title='bbox 989 2678 1097 2755; x_wconf 91' lang='lat' dir='ltr'><strong>ipsum,</strong></span> <span class='ocrx_word' id='word_1_228' title='bbox 1119 2681 1200 2754; x_wconf 90' lang='lat' dir='ltr'><strong>quod</strong></span> <span class='ocrx_word' id='word_1_229' title='bbox 1215 2679 1250 2738; x_wconf 91' lang='lat' dir='ltr'><strong>da</strong></span> <span class='ocrx_word' id='word_1_230' title='bbox 1265 2681 1354 2740; x_wconf 90' lang='lat' dir='ltr'><strong>tertia</strong></span> <span class='ocrx_word' id='word_1_231' title='bbox 1369 2679 1484 2741; x_wconf 90' lang='lat' dir='ltr'><strong>decima</strong></span> 
     </span>
     <span class='ocr_line' id='line_1_22' title="bbox 164 2777 1484 2859; baseline 0.003 -21"><span class='ocrx_word' id='word_1_232' title='bbox 164 2781 270 2840; x_wconf 86' lang='lat' dir='ltr'><strong>urbana</strong></span> <span class='ocrx_word' id='word_1_233' title='bbox 288 2781 399 2859; x_wconf 87' lang='lat' dir='ltr'><strong>puriter</strong></span> <span class='ocrx_word' id='word_1_234' title='bbox 413 2787 608 2838; x_wconf 90' lang='lat' dir='ltr'><strong>monumenta</strong></span> <span class='ocrx_word' id='word_1_235' title='bbox 622 2787 811 2856; x_wconf 90' lang='lat' dir='ltr'><strong>aperueruut.</strong></span> <span class='ocrx_word' id='word_1_236' title='bbox 845 2777 921 2838; x_wconf 85' lang='lat' dir='ltr'><strong>Eam</strong></span> <span class='ocrx_word' id='word_1_237' title='bbox 937 2779 1015 2838; x_wconf 90' lang='lat' dir='ltr'><strong>enim</strong></span> <span class='ocrx_word' id='word_1_238' title='bbox 1030 2799 1097 2839; x_wconf 92' lang='lat' dir='ltr'><strong>cum</strong></span> <span class='ocrx_word' id='word_1_239' title='bbox 1112 2781 1183 2840; x_wconf 88' lang='lat' dir='ltr'><strong>olim</strong></span> <span class='ocrx_word' id='word_1_240' title='bbox 1199 2782 1484 2842; x_wconf 88' lang='lat' dir='ltr'><strong>demonstravissem</strong></span> 
     </span>
     <span class='ocr_line' id='line_1_23' title="bbox 160 2880 1482 2960; baseline 0.002 -20"><span class='ocrx_word' id='word_1_241' title='bbox 160 2901 222 2941; x_wconf 88' lang='lat' dir='ltr'><strong>uon</strong></span> <span class='ocrx_word' id='word_1_242' title='bbox 233 2883 339 2943; x_wconf 72' lang='grc' dir='ltr'><strong>Εοωαε</strong></span> <span class='ocrx_word' id='word_1_243' title='bbox 361 2882 519 2953; x_wconf 85' lang='lat' dir='ltr'><strong>meruisse,</strong></span> <span class='ocrx_word' id='word_1_244' title='bbox 541 2881 595 2940; x_wconf 90' lang='lat' dir='ltr'><strong>sed</strong></span> <span class='ocrx_word' id='word_1_245' title='bbox 609 2880 781 2960; x_wconf 80' lang='lat' dir='ltr'><strong>Luguduni,</strong></span> <span class='ocrx_word' id='word_1_246' title='bbox 803 2881 851 2938; x_wconf 92' lang='lat' dir='ltr'><strong>ubi</strong></span> <span class='ocrx_word' id='word_1_247' title='bbox 874 2899 933 2940; x_wconf 92' lang='lat' dir='ltr'><strong>non</strong></span> <span class='ocrx_word' id='word_1_248' title='bbox 949 2883 1047 2941; x_wconf 90' lang='lat' dir='ltr'><strong>minus</strong></span> <span class='ocrx_word' id='word_1_249' title='bbox 1063 2883 1164 2942; x_wconf 90' lang='lat' dir='ltr'><strong>decem</strong></span> <span class='ocrx_word' id='word_1_250' title='bbox 1180 2882 1294 2959; x_wconf 92' lang='lat' dir='ltr'><strong>lapides</strong></span> <span class='ocrx_word' id='word_1_251' title='bbox 1309 2886 1482 2944; x_wconf 90' lang='lat' dir='ltr'><strong>memoriam</strong></span> 
     </span>
     <span class='ocr_line' id='line_1_24' title="bbox 160 2983 1482 3060; baseline 0.002 -18"><span class='ocrx_word' id='word_1_252' title='bbox 160 2983 225 3042; x_wconf 87' lang='lat' dir='ltr'><strong>eius</strong></span> <span class='ocrx_word' id='word_1_253' title='bbox 246 2983 451 3060; x_wconf 67' lang='lat' dir='ltr'><strong>servarunti),</strong></span> <span class='ocrx_word' id='word_1_254' title='bbox 483 2993 589 3059; x_wconf 90' lang='lat' dir='ltr'><strong>postea</strong></span> <span class='ocrx_word' id='word_1_255' title='bbox 615 2983 746 3041; x_wconf 88' lang='lat' dir='ltr'><strong>eiusdem</strong></span> <span class='ocrx_word' id='word_1_256' title='bbox 774 2983 906 3041; x_wconf 85' lang='lat' dir='ltr'><strong>cohortis</strong></span> <span class='ocrx_word' id='word_1_257' title='bbox 932 2983 1059 3042; x_wconf 88' lang='lat' dir='ltr'><strong>militum</strong></span> <span class='ocrx_word' id='word_1_258' title='bbox 1086 2986 1175 3043; x_wconf 89' lang='lat' dir='ltr'><strong>trium</strong></span> <span class='ocrx_word' id='word_1_259' title='bbox 1208 2986 1288 3045; x_wconf 90' lang='lat' dir='ltr'><strong>tituli</strong></span> <span class='ocrx_word' id='word_1_260' title='bbox 1318 2987 1348 3045; x_wconf 94' lang='lat' dir='ltr'><strong>in</strong></span> <span class='ocrx_word' id='word_1_261' title='bbox 1374 2987 1482 3045; x_wconf 82' lang='lat' dir='ltr'><strong>Africa</strong></span> 
     </span>
     <span class='ocr_line' id='line_1_25' title="bbox 158 3083 1481 3164; baseline 0.002 -21"><span class='ocrx_word' id='word_1_262' title='bbox 158 3086 336 3162; x_wconf 86' lang='lat' dir='ltr'><strong>prodierunt,</strong></span> <span class='ocrx_word' id='word_1_263' title='bbox 359 3087 419 3145; x_wconf 93' lang='lat' dir='ltr'><strong>duo</strong></span> <span class='ocrx_word' id='word_1_264' title='bbox 443 3084 639 3162; x_wconf 88' lang='lat' dir='ltr'><strong>Carthagine,</strong></span> <span class='ocrx_word' id='word_1_265' title='bbox 662 3083 766 3142; x_wconf 89' lang='lat' dir='ltr'><strong>tertius</strong></span> <span class='ocrx_word' id='word_1_266' title='bbox 789 3083 881 3144; x_wconf 89' lang='lat' dir='ltr'><strong>Musti</strong></span> <span class='ocrx_word' id='word_1_267' title='bbox 891 3084 936 3160; x_wconf 76' lang='lat'><strong>⁴),</strong></span> <span class='ocrx_word' id='word_1_268' title='bbox 962 3103 1087 3160; x_wconf 91' lang='lat' dir='ltr'><strong>quorum</strong></span> <span class='ocrx_word' id='word_1_269' title='bbox 1110 3103 1186 3144; x_wconf 90' lang='lat' dir='ltr'><strong>unus</strong></span> <span class='ocrx_word' id='word_1_270' title='bbox 1210 3089 1339 3164; x_wconf 90' lang='lat' dir='ltr'><strong>scriptus</strong></span> <span class='ocrx_word' id='word_1_271' title='bbox 1360 3095 1406 3146; x_wconf 91' lang='lat' dir='ltr'><strong>est</strong></span> <span class='ocrx_word' id='word_1_272' title='bbox 1427 3088 1481 3146; x_wconf 89' lang='lat' dir='ltr'><strong>im·</strong></span> 
     </span>
     <span class='ocr_line' id='line_1_26' title="bbox 155 3185 1481 3264; baseline 0.001 -16"><span class='ocrx_word' id='word_1_273' title='bbox 155 3198 273 3264; x_wconf 83' lang='lat' dir='ltr'><strong>perante</strong></span> <span class='ocrx_word' id='word_1_274' title='bbox 293 3188 467 3248; x_wconf 82' lang='lat' dir='ltr'><strong>DomitIano</strong></span> <span class='ocrx_word' id='word_1_275' title='bbox 489 3204 585 3262; x_wconf 91' lang='lat' dir='ltr'><strong>neque</strong></span> <span class='ocrx_word' id='word_1_276' title='bbox 607 3185 645 3244; x_wconf 92' lang='lat' dir='ltr'><strong>ab</strong></span> <span class='ocrx_word' id='word_1_277' title='bbox 666 3205 703 3244; x_wconf 87' lang='lat' dir='ltr'><strong>es</strong></span> <span class='ocrx_word' id='word_1_278' title='bbox 724 3193 821 3245; x_wconf 90' lang='lat' dir='ltr'><strong>aetate</strong></span> <span class='ocrx_word' id='word_1_279' title='bbox 843 3185 902 3245; x_wconf 89' lang='lat' dir='ltr'><strong>duo</strong></span> <span class='ocrx_word' id='word_1_280' title='bbox 925 3187 976 3245; x_wconf 90' lang='lat' dir='ltr'><strong>alii</strong></span> <span class='ocrx_word' id='word_1_281' title='bbox 998 3187 1167 3247; x_wconf 87' lang='lat' dir='ltr'><strong>abhorrent.</strong></span> <span class='ocrx_word' id='word_1_282' title='bbox 1211 3187 1282 3248; x_wconf 89' lang='lat' dir='ltr'><strong>Non</strong></span> <span class='ocrx_word' id='word_1_283' title='bbox 1305 3191 1370 3249; x_wconf 91' lang='lat' dir='ltr'><strong>siue</strong></span> <span class='ocrx_word' id='word_1_284' title='bbox 1391 3207 1481 3249; x_wconf 87' lang='lat' dir='ltr'><strong>causa</strong></span> 
     </span>
     <span class='ocr_line' id='line_1_27' title="bbox 151 3285 1428 3368; baseline 0.002 -22"><span class='ocrx_word' id='word_1_285' title='bbox 151 3289 242 3366; x_wconf 90' lang='lat' dir='ltr'><strong>igitur</strong></span> <span class='ocrx_word' id='word_1_286' title='bbox 262 3289 478 3349; x_wconf 88' lang='lat' dir='ltr'><strong>Wilmannsius</strong></span> <span class='ocrx_word' id='word_1_287' title='bbox 501 3307 568 3348; x_wconf 89' lang='lat' dir='ltr'><strong>eam</strong></span> <span class='ocrx_word' id='word_1_288' title='bbox 590 3288 717 3347; x_wconf 86' lang='lat' dir='ltr'><strong>coniecit</strong></span> <span class='ocrx_word' id='word_1_289' title='bbox 739 3287 794 3346; x_wconf 90' lang='lat' dir='ltr'><strong>sub</strong></span> <span class='ocrx_word' id='word_1_290' title='bbox 816 3285 931 3347; x_wconf 81' lang='lat' dir='ltr'><strong>Flauiis</strong></span> <span class='ocrx_word' id='word_1_291' title='bbox 954 3295 1053 3348; x_wconf 88' lang='lat' dir='ltr'><strong>castra</strong></span> <span class='ocrx_word' id='word_1_292' title='bbox 1075 3289 1215 3350; x_wconf 87' lang='lat' dir='ltr'><strong>babuisse</strong></span> <span class='ocrx_word' id='word_1_293' title='bbox 1237 3289 1428 3368; x_wconf 89' lang='lat' dir='ltr'><strong>Carthagine.</strong></span> 
     </span>
    </p>

    <p class='ocr_par' dir='ltr' id='par_1_7' title="bbox 148 3389 1478 3671">
     <span class='ocr_line' id='line_1_28' title="bbox 197 3389 1478 3470; baseline 0 -20"><span class='ocrx_word' id='word_1_294' title='bbox 197 3389 398 3470; x_wconf 81' lang='lat' dir='ltr'><strong>Vespasianus</strong></span> <span class='ocrx_word' id='word_1_295' title='bbox 424 3393 518 3470; x_wconf 90' lang='lat' dir='ltr'><strong>igitur</strong></span> <span class='ocrx_word' id='word_1_296' title='bbox 543 3409 608 3450; x_wconf 91' lang='lat' dir='ltr'><strong>cum</strong></span> <span class='ocrx_word' id='word_1_297' title='bbox 637 3391 775 3449; x_wconf 85' lang='lat' dir='ltr'><strong>cohortes</strong></span> <span class='ocrx_word' id='word_1_298' title='bbox 803 3391 933 3449; x_wconf 89' lang='lat' dir='ltr'><strong>urbanas</strong></span> <span class='ocrx_word' id='word_1_299' title='bbox 962 3389 1059 3449; x_wconf 90' lang='lat' dir='ltr'><strong>denuo</strong></span> <span class='ocrx_word' id='word_1_300' title='bbox 1092 3391 1257 3464; x_wconf 88' lang='lat' dir='ltr'><strong>ordinaret,</strong></span> <span class='ocrx_word' id='word_1_301' title='bbox 1289 3411 1348 3450; x_wconf 91' lang='lat' dir='ltr'><strong>non</strong></span> <span class='ocrx_word' id='word_1_302' title='bbox 1381 3391 1478 3450; x_wconf 90' lang='lat' dir='ltr'><strong>solum</strong></span> 
     </span>
     <span class='ocr_line' id='line_1_29' title="bbox 149 3490 1476 3571; baseline 0 -20"><span class='ocrx_word' id='word_1_303' title='bbox 149 3493 232 3553; x_wconf 85' lang='lat' dir='ltr'><strong>urbis</strong></span> <span class='ocrx_word' id='word_1_304' title='bbox 254 3495 367 3554; x_wconf 64' lang='lat' dir='ltr'><strong>Mursa</strong></span> <span class='ocrx_word' id='word_1_305' title='bbox 387 3512 489 3553; x_wconf 88' lang='lat' dir='ltr'><strong>curam</strong></span> <span class='ocrx_word' id='word_1_306' title='bbox 511 3494 583 3570; x_wconf 91' lang='lat' dir='ltr'><strong>egit,</strong></span> <span class='ocrx_word' id='word_1_307' title='bbox 611 3491 664 3550; x_wconf 90' lang='lat' dir='ltr'><strong>sed</strong></span> <span class='ocrx_word' id='word_1_308' title='bbox 686 3493 776 3550; x_wconf 89' lang='lat' dir='ltr'><strong>etiam</strong></span> <span class='ocrx_word' id='word_1_309' title='bbox 798 3491 957 3568; x_wconf 89' lang='lat' dir='ltr'><strong>Luguduni</strong></span> <span class='ocrx_word' id='word_1_310' title='bbox 980 3501 1009 3550; x_wconf 92' lang='lat' dir='ltr'><strong>et</strong></span> <span class='ocrx_word' id='word_1_311' title='bbox 1032 3490 1236 3571; x_wconf 88' lang='lat' dir='ltr'><strong>Carthaginis,</strong></span> <span class='ocrx_word' id='word_1_312' title='bbox 1264 3493 1293 3550; x_wconf 94' lang='lat' dir='ltr'><strong>in</strong></span> <span class='ocrx_word' id='word_1_313' title='bbox 1315 3493 1370 3552; x_wconf 90' lang='lat' dir='ltr'><strong>illa</strong></span> <span class='ocrx_word' id='word_1_314' title='bbox 1391 3501 1476 3552; x_wconf 55' lang='lat' dir='ltr'><strong>rietus</strong></span> 
     </span>
     <span class='ocr_line' id='line_1_30' title="bbox 148 3593 1478 3671; baseline 0.001 -20"><span class='ocrx_word' id='word_1_315' title='bbox 148 3594 311 3656; x_wconf 86' lang='lat' dir='ltr'><strong>institutum</strong></span> <span class='ocrx_word' id='word_1_316' title='bbox 343 3605 464 3654; x_wconf 89' lang='lat' dir='ltr'><strong>secutus</strong></span> <span class='ocrx_word' id='word_1_317' title='bbox 497 3595 578 3671; x_wconf 91' lang='lat' dir='ltr'><strong>(nam</strong></span> <span class='ocrx_word' id='word_1_318' title='bbox 613 3612 697 3653; x_wconf 88' lang='lat' dir='ltr'><strong>suam</strong></span> <span class='ocrx_word' id='word_1_319' title='bbox 725 3595 876 3652; x_wconf 89' lang='lat' dir='ltr'><strong>cohortem</strong></span> <span class='ocrx_word' id='word_1_320' title='bbox 904 3593 1143 3670; x_wconf 87' lang='lat' dir='ltr'><strong>Lugudunenses</strong></span> <span class='ocrx_word' id='word_1_321' title='bbox 1177 3595 1223 3652; x_wconf 87' lang='lat' dir='ltr'><strong>vel</strong></span> <span class='ocrx_word' id='word_1_322' title='bbox 1256 3597 1312 3655; x_wconf 93' lang='lat' dir='ltr'><strong>sub</strong></span> <span class='ocrx_word' id='word_1_323' title='bbox 1340 3597 1478 3670; x_wconf 86' lang='lat' dir='ltr'><strong>Augusto</strong></span> 
     </span>
    </p>
   </div>
   <div class='ocr_carea' id='block_1_5' title="bbox 149 3695 1475 3774">
    <p class='ocr_par' dir='ltr' id='par_1_8' title="bbox 39 3695 1475 3774">
     <span class='ocr_line' id='line_1_31' title="bbox 149 3695 1475 3774; baseline 0.001 -20.923"><span class='ocrx_word' id='word_1_324' title='bbox 149 3696 342 3774; x_wconf 80' lang='lat' dir='ltr'><strong>habuerunt),</strong></span> <span class='ocrx_word' id='word_1_325' title='bbox 369 3697 438 3756; x_wconf 90' lang='lat' dir='ltr'><strong>huic</strong></span> <span class='ocrx_word' id='word_1_326' title='bbox 460 3706 604 3773; x_wconf 87' lang='lat' dir='ltr'><strong>quantum</strong></span> <span class='ocrx_word' id='word_1_327' title='bbox 626 3695 713 3754; x_wconf 91' lang='lat' dir='ltr'><strong>nobis</strong></span> <span class='ocrx_word' id='word_1_328' title='bbox 736 3703 853 3753; x_wconf 89' lang='lat' dir='ltr'><strong>constat</strong></span> <span class='ocrx_word' id='word_1_329' title='bbox 874 3703 935 3754; x_wconf 89' lang='lat' dir='ltr'><strong>tum</strong></span> <span class='ocrx_word' id='word_1_330' title='bbox 957 3697 1086 3772; x_wconf 89' lang='lat' dir='ltr'><strong>primum</strong></span> <span class='ocrx_word' id='word_1_331' title='bbox 1116 3696 1254 3755; x_wconf 88' lang='lat' dir='ltr'><strong>similiter</strong></span> <span class='ocrx_word' id='word_1_332' title='bbox 1279 3697 1475 3774; x_wconf 87' lang='lat' dir='ltr'><strong>prospiciens.</strong></span> 
     </span>
    </p>
   </div>
   <div class='ocr_carea' id='block_1_6' title="bbox 151 3795 1476 3873">
    <p class='ocr_par' dir='ltr' id='par_1_9' title="bbox 151 3795 1476 3873">
     <span class='ocr_line' id='line_1_32' title="bbox 151 3795 1476 3873; baseline 0 -17"><span class='ocrx_word' id='word_1_333' title='bbox 151 3795 267 3859; x_wconf 87' lang='lat' dir='ltr'><strong>Scilicet</strong></span> <span class='ocrx_word' id='word_1_334' title='bbox 286 3799 361 3860; x_wconf 91' lang='lat' dir='ltr'><strong>duas</strong></span> <span class='ocrx_word' id='word_1_335' title='bbox 383 3800 523 3860; x_wconf 86' lang='lat' dir='ltr'><strong>cohortes</strong></span> <span class='ocrx_word' id='word_1_336' title='bbox 545 3798 691 3868; x_wconf 88' lang='lat' dir='ltr'><strong>urbanas,</strong></span> <span class='ocrx_word' id='word_1_337' title='bbox 719 3795 847 3873; x_wconf 90' lang='lat' dir='ltr'><strong>primam</strong></span> <span class='ocrx_word' id='word_1_338' title='bbox 868 3806 898 3856; x_wconf 91' lang='lat' dir='ltr'><strong>et</strong></span> <span class='ocrx_word' id='word_1_339' title='bbox 919 3799 1036 3856; x_wconf 84' lang='lat' dir='ltr'><strong>tertiam</strong></span> <span class='ocrx_word' id='word_1_340' title='bbox 1060 3797 1204 3858; x_wconf 90' lang='lat' dir='ltr'><strong>decimam</strong></span> <span class='ocrx_word' id='word_1_341' title='bbox 1227 3817 1286 3858; x_wconf 91' lang='lat' dir='ltr'><strong>non</strong></span> <span class='ocrx_word' id='word_1_342' title='bbox 1313 3817 1379 3857; x_wconf 89' lang='lat' dir='ltr'><strong>oum</strong></span> <span class='ocrx_word' id='word_1_343' title='bbox 1406 3797 1476 3856; x_wconf 90' lang='lat' dir='ltr'><strong>reli-</strong></span> 
     </span>
    </p>
   </div>
   <div class='ocr_carea' id='block_1_7' title="bbox 153 4032 1475 5294">
    <p class='ocr_par' dir='ltr' id='par_1_10' title="bbox 209 4032 1050 4102">
     <span class='ocr_line' id='line_1_33' title="bbox 209 4032 1050 4102; baseline -0.002 -16"><span class='ocrx_word' id='word_1_344' title='bbox 209 4033 235 4098; x_wconf 91' lang='lat'><strong>¹)</strong></span> <span class='ocrx_word' id='word_1_345' title='bbox 252 4035 318 4086; x_wconf 86' lang='lat' dir='ltr'><strong>Vide</strong></span> <span class='ocrx_word' id='word_1_346' title='bbox 337 4051 403 4102; x_wconf 85' lang='lat' dir='ltr'><strong>quae</strong></span> <span class='ocrx_word' id='word_1_347' title='bbox 422 4050 505 4102; x_wconf 90' lang='lat' dir='ltr'><strong>nuper</strong></span> <span class='ocrx_word' id='word_1_348' title='bbox 523 4035 632 4101; x_wconf 85' lang='lat' dir='ltr'><strong>exposui</strong></span> <span class='ocrx_word' id='word_1_349' title='bbox 649 4035 677 4085; x_wconf 94' lang='lat' dir='ltr'><strong>in</strong></span> <span class='ocrx_word' id='word_1_350' title='bbox 696 4035 808 4085; x_wconf 82' lang='lat' dir='ltr'><strong>Hermae</strong></span> <span class='ocrx_word' id='word_1_351' title='bbox 827 4034 878 4086; x_wconf 83' lang='lat' dir='ltr'><strong>vol.</strong></span> <span class='ocrx_word' id='word_1_352' title='bbox 895 4032 928 4084; x_wconf 86' lang='grc'><strong>16</strong></span> <span class='ocrx_word' id='word_1_353' title='bbox 948 4050 973 4099; x_wconf 90' lang='lat' dir='ltr'><strong>p.</strong></span> <span class='ocrx_word' id='word_1_354' title='bbox 988 4035 1050 4086; x_wconf 86' lang='grc'><strong>647.</strong></span> 
     </span>
    </p>

    <p class='ocr_par' dir='ltr' id='par_1_11' title="bbox 153 4121 1475 4470">
     <span class='ocr_line' id='line_1_34' title="bbox 207 4121 1474 4193; baseline 0 -14"><span class='ocrx_word' id='word_1_355' title='bbox 207 4123 231 4190; x_wconf 81' lang='lat'><strong>²)</strong></span> <span class='ocrx_word' id='word_1_356' title='bbox 249 4127 373 4193; x_wconf 76' lang='lat' dir='ltr'><strong>Borghed</strong></span> <span class='ocrx_word' id='word_1_357' title='bbox 392 4127 531 4179; x_wconf 78' lang='lat' dir='ltr'><strong>Bullettiuo</strong></span> <span class='ocrx_word' id='word_1_358' title='bbox 550 4121 611 4178; x_wconf 81' lang='lat' dir='ltr'><strong>dstt&#39;</strong></span> <span class='ocrx_word' id='word_1_359' title='bbox 632 4125 696 4176; x_wconf 86' lang='lat' dir='ltr'><strong>Iust.</strong></span> <span class='ocrx_word' id='word_1_360' title='bbox 717 4127 789 4177; x_wconf 89' lang='grc'><strong>1844</strong></span> <span class='ocrx_word' id='word_1_361' title='bbox 807 4141 832 4191; x_wconf 91' lang='lat' dir='ltr'><strong>p.</strong></span> <span class='ocrx_word' id='word_1_362' title='bbox 849 4126 899 4176; x_wconf 77' lang='grc'><strong>177</strong></span> <span class='ocrx_word' id='word_1_363' title='bbox 922 4145 956 4169; x_wconf 91' lang='lat'><em>=</em></span> <span class='ocrx_word' id='word_1_364' title='bbox 975 4141 1034 4192; x_wconf 91' lang='lat' dir='ltr'><strong>opp.</strong></span> <span class='ocrx_word' id='word_1_365' title='bbox 1053 4129 1078 4189; x_wconf 86' lang='grc'><strong>7,</strong></span> <span class='ocrx_word' id='word_1_366' title='bbox 1099 4128 1161 4178; x_wconf 80' lang='grc'><strong>452.</strong></span> <span class='ocrx_word' id='word_1_367' title='bbox 1203 4127 1243 4179; x_wconf 82' lang='lat' dir='ltr'><strong>CI.</strong></span> <span class='ocrx_word' id='word_1_368' title='bbox 1261 4129 1372 4179; x_wconf 87' lang='lat' dir='ltr'><strong>Hermae</strong></span> <span class='ocrx_word' id='word_1_369' title='bbox 1391 4128 1474 4179; x_wconf 84' lang='lat' dir='ltr'><strong>vol.3</strong></span> 
     </span>
     <span class='ocr_line' id='line_1_35' title="bbox 153 4219 1475 4287; baseline 0.001 -18"><span class='ocrx_word' id='word_1_370' title='bbox 153 4221 248 4281; x_wconf 59' lang='grc'><strong>18124.</strong></span> <span class='ocrx_word' id='word_1_371' title='bbox 277 4221 447 4287; x_wconf 84' lang='lat' dir='ltr'><strong>Privilegium</strong></span> <span class='ocrx_word' id='word_1_372' title='bbox 466 4229 645 4270; x_wconf 82' lang='lat' dir='ltr'><strong>veteranorum</strong></span> <span class='ocrx_word' id='word_1_373' title='bbox 663 4219 810 4284; x_wconf 88' lang='lat' dir='ltr'><strong>nuperrime</strong></span> <span class='ocrx_word' id='word_1_374' title='bbox 829 4226 958 4284; x_wconf 89' lang='lat' dir='ltr'><strong>repertum</strong></span> <span class='ocrx_word' id='word_1_375' title='bbox 977 4220 1004 4269; x_wconf 91' lang='lat' dir='ltr'><strong>in</strong></span> <span class='ocrx_word' id='word_1_376' title='bbox 1019 4219 1156 4270; x_wconf 84' lang='lat' dir='ltr'><strong>Pannonia</strong></span> <span class='ocrx_word' id='word_1_377' title='bbox 1174 4223 1263 4284; x_wconf 84' lang='lat' dir='ltr'><strong>(supra</strong></span> <span class='ocrx_word' id='word_1_378' title='bbox 1280 4237 1305 4286; x_wconf 90' lang='lat' dir='ltr'><strong>p.</strong></span> <span class='ocrx_word' id='word_1_379' title='bbox 1321 4219 1365 4282; x_wconf 84' lang='grc'><strong>93)</strong></span> <span class='ocrx_word' id='word_1_380' title='bbox 1386 4221 1475 4270; x_wconf 89' lang='lat' dir='ltr'><strong>docuit</strong></span> 
     </span>
     <span class='ocr_line' id='line_1_36' title="bbox 156 4309 1472 4376; baseline 0.002 -16"><span class='ocrx_word' id='word_1_381' title='bbox 156 4309 183 4360; x_wconf 80' lang='lat' dir='ltr'><strong>C.</strong></span> <span class='ocrx_word' id='word_1_382' title='bbox 201 4311 343 4366; x_wconf 84' lang='lat' dir='ltr'><strong>Cornelium</strong></span> <span class='ocrx_word' id='word_1_383' title='bbox 363 4313 527 4366; x_wconf 79' lang='lat' dir='ltr'><strong>Gallicanum</strong></span> <span class='ocrx_word' id='word_1_384' title='bbox 545 4312 628 4362; x_wconf 77' lang='lat' dir='ltr'><strong>fasces</strong></span> <span class='ocrx_word' id='word_1_385' title='bbox 647 4312 759 4362; x_wconf 83' lang='lat' dir='ltr'><strong>tenuisse</strong></span> <span class='ocrx_word' id='word_1_386' title='bbox 777 4325 829 4362; x_wconf 91' lang='lat' dir='ltr'><strong>non</strong></span> <span class='ocrx_word' id='word_1_387' title='bbox 849 4325 872 4362; x_wconf 89' lang='lat' dir='ltr'><strong>a.</strong></span> <span class='ocrx_word' id='word_1_388' title='bbox 888 4312 935 4374; x_wconf 78' lang='lat' dir='ltr'><strong>st,</strong></span> <span class='ocrx_word' id='word_1_389' title='bbox 958 4318 988 4360; x_wconf 88' lang='lat' dir='ltr'><strong>ut</strong></span> <span class='ocrx_word' id='word_1_390' title='bbox 1010 4310 1093 4362; x_wconf 89' lang='lat' dir='ltr'><strong>adhue</strong></span> <span class='ocrx_word' id='word_1_391' title='bbox 1119 4312 1299 4376; x_wconf 86' lang='lat' dir='ltr'><strong>credebamus,</strong></span> <span class='ocrx_word' id='word_1_392' title='bbox 1324 4313 1370 4362; x_wconf 91' lang='lat' dir='ltr'><strong>sed</strong></span> <span class='ocrx_word' id='word_1_393' title='bbox 1394 4327 1418 4363; x_wconf 86' lang='lat' dir='ltr'><strong>a.</strong></span> <span class='ocrx_word' id='word_1_394' title='bbox 1437 4313 1472 4362; x_wconf 92' lang='grc'><strong>84</strong></span> 
     </span>
     <span class='ocr_line' id='line_1_37' title="bbox 156 4401 317 4470; baseline 0.019 -16"><span class='ocrx_word' id='word_1_395' title='bbox 156 4401 195 4454; x_wconf 73' lang='lat' dir='ltr'><strong>(fic</strong></span> <span class='ocrx_word' id='word_1_396' title='bbox 211 4403 278 4470; x_wconf 78' lang='lat' dir='ltr'><strong>Sept.</strong></span> <span class='ocrx_word' id='word_1_397' title='bbox 291 4407 317 4457; x_wconf 87' lang='grc'><strong>8.</strong></span> 
     </span>
    </p>

    <p class='ocr_par' dir='ltr' id='par_1_12' title="bbox 160 4491 1472 5009">
     <span class='ocr_line' id='line_1_38' title="bbox 206 4491 1472 4562; baseline 0 -14"><span class='ocrx_word' id='word_1_398' title='bbox 206 4493 230 4558; x_wconf 79' lang='lat'><strong>³)</strong></span> <span class='ocrx_word' id='word_1_399' title='bbox 247 4497 343 4549; x_wconf 78' lang='lat' dir='ltr'><strong>Aunula&#39;</strong></span> <span class='ocrx_word' id='word_1_400' title='bbox 361 4491 424 4550; x_wconf 77' lang='lat' dir='ltr'><strong>dett’</strong></span> <span class='ocrx_word' id='word_1_401' title='bbox 445 4495 564 4548; x_wconf 82' lang='lat' dir='ltr'><strong>Instituto</strong></span> <span class='ocrx_word' id='word_1_402' title='bbox 585 4496 656 4548; x_wconf 80' lang='lat'><strong>1853</strong></span> <span class='ocrx_word' id='word_1_403' title='bbox 675 4512 700 4561; x_wconf 94' lang='lat' dir='ltr'><strong>p.</strong></span> <span class='ocrx_word' id='word_1_404' title='bbox 717 4497 759 4546; x_wconf 85' lang='grc'><strong>74.</strong></span> <span class='ocrx_word' id='word_1_405' title='bbox 802 4496 964 4558; x_wconf 83' lang='lat' dir='ltr'><strong>Titulorum,</strong></span> <span class='ocrx_word' id='word_1_406' title='bbox 995 4511 1059 4561; x_wconf 89' lang='lat' dir='ltr'><strong>quos</strong></span> <span class='ocrx_word' id='word_1_407' title='bbox 1078 4497 1223 4561; x_wconf 89' lang='lat' dir='ltr'><strong>composuit</strong></span> <span class='ocrx_word' id='word_1_408' title='bbox 1240 4496 1359 4548; x_wconf 88' lang='lat' dir='ltr'><strong>Boissieu</strong></span> <span class='ocrx_word' id='word_1_409' title='bbox 1377 4513 1403 4562; x_wconf 93' lang='lat' dir='ltr'><strong>p.</strong></span> <span class='ocrx_word' id='word_1_410' title='bbox 1418 4495 1472 4548; x_wconf 79' lang='lat'><strong>354</strong></span> 
     </span>
     <span class='ocr_line' id='line_1_39' title="bbox 160 4587 1471 4656; baseline -0.002 -17"><span class='ocrx_word' id='word_1_411' title='bbox 160 4599 213 4652; x_wconf 66' lang='lat' dir='ltr'><strong>tea,</strong></span> <span class='ocrx_word' id='word_1_412' title='bbox 231 4603 284 4640; x_wconf 84' lang='lat' dir='ltr'><strong>oum</strong></span> <span class='ocrx_word' id='word_1_413' title='bbox 304 4591 391 4656; x_wconf 87' lang='lat' dir='ltr'><strong>plures</strong></span> <span class='ocrx_word' id='word_1_414' title='bbox 410 4591 447 4640; x_wconf 87' lang='lat' dir='ltr'><strong>ita</strong></span> <span class='ocrx_word' id='word_1_415' title='bbox 466 4589 608 4655; x_wconf 87' lang='lat' dir='ltr'><strong>comparati</strong></span> <span class='ocrx_word' id='word_1_416' title='bbox 627 4588 686 4650; x_wconf 85' lang='lat' dir='ltr'><strong>sint,</strong></span> <span class='ocrx_word' id='word_1_417' title='bbox 707 4594 735 4637; x_wconf 91' lang='lat' dir='ltr'><strong>ut</strong></span> <span class='ocrx_word' id='word_1_418' title='bbox 754 4588 824 4638; x_wconf 91' lang='lat' dir='ltr'><strong>nullo</strong></span> <span class='ocrx_word' id='word_1_419' title='bbox 843 4587 922 4638; x_wconf 91' lang='lat' dir='ltr'><strong>modo</strong></span> <span class='ocrx_word' id='word_1_420' title='bbox 936 4587 1020 4654; x_wconf 90' lang='lat' dir='ltr'><strong>primo</strong></span> <span class='ocrx_word' id='word_1_421' title='bbox 1040 4605 1065 4653; x_wconf 94' lang='lat' dir='ltr'><strong>p.</strong></span> <span class='ocrx_word' id='word_1_422' title='bbox 1077 4589 1138 4640; x_wconf 86' lang='lat' dir='ltr'><strong>Chr.</strong></span> <span class='ocrx_word' id='word_1_423' title='bbox 1159 4587 1263 4639; x_wconf 85' lang='lat' dir='ltr'><strong>saeculo</strong></span> <span class='ocrx_word' id='word_1_424' title='bbox 1276 4589 1353 4639; x_wconf 89' lang='lat' dir='ltr'><strong>tribui</strong></span> <span class='ocrx_word' id='word_1_425' title='bbox 1368 4595 1471 4654; x_wconf 89' lang='lat' dir='ltr'><strong>queant,</strong></span> 
     </span>
     <span class='ocr_line' id='line_1_40' title="bbox 160 4678 1469 4748; baseline 0.002 -22"><span class='ocrx_word' id='word_1_426' title='bbox 160 4680 258 4730; x_wconf 76' lang='lat' dir='ltr'><strong>coaddit</strong></span> <span class='ocrx_word' id='word_1_427' title='bbox 279 4684 348 4748; x_wconf 92' lang='lat' dir='ltr'><strong>quod</strong></span> <span class='ocrx_word' id='word_1_428' title='bbox 366 4682 560 4748; x_wconf 84' lang='lat' dir='ltr'><strong>lIarquardtius</strong></span> <span class='ocrx_word' id='word_1_429' title='bbox 578 4678 742 4730; x_wconf 80' lang='lat' dir='ltr'><strong>Stactsuerm.</strong></span> <span class='ocrx_word' id='word_1_430' title='bbox 764 4681 779 4729; x_wconf 76' lang='lat'><strong>2</strong></span> <span class='ocrx_word' id='word_1_431' title='bbox 803 4695 828 4745; x_wconf 92' lang='lat' dir='ltr'><strong>p.</strong></span> <span class='ocrx_word' id='word_1_432' title='bbox 842 4681 895 4731; x_wconf 88' lang='grc'><strong>467</strong></span> <span class='ocrx_word' id='word_1_433' title='bbox 919 4682 1007 4745; x_wconf 89' lang='lat' dir='ltr'><strong>posuit</strong></span> <span class='ocrx_word' id='word_1_434' title='bbox 1029 4681 1111 4745; x_wconf 85' lang='lat' dir='ltr'><strong>magis</strong></span> <span class='ocrx_word' id='word_1_435' title='bbox 1135 4695 1210 4746; x_wconf 89' lang='lat' dir='ltr'><strong>quam</strong></span> <span class='ocrx_word' id='word_1_436' title='bbox 1235 4681 1356 4746; x_wconf 85' lang='lat' dir='ltr'><strong>probavit</strong></span> <span class='ocrx_word' id='word_1_437' title='bbox 1378 4680 1469 4731; x_wconf 88' lang='lat' dir='ltr'><strong>cobor-</strong></span> 
     </span>
     <span class='ocr_line' id='line_1_41' title="bbox 161 4771 1471 4838; baseline 0 -18"><span class='ocrx_word' id='word_1_438' title='bbox 161 4775 202 4820; x_wconf 85' lang='lat' dir='ltr'><strong>tem</strong></span> <span class='ocrx_word' id='word_1_439' title='bbox 212 4772 276 4824; x_wconf 88' lang='lat' dir='ltr'><strong>lllIl</strong></span> <span class='ocrx_word' id='word_1_440' title='bbox 295 4775 363 4825; x_wconf 87' lang='lat' dir='ltr'><strong>eirca</strong></span> <span class='ocrx_word' id='word_1_441' title='bbox 380 4775 489 4825; x_wconf 89' lang='lat' dir='ltr'><strong>Traiani</strong></span> <span class='ocrx_word' id='word_1_442' title='bbox 508 4781 626 4838; x_wconf 87' lang='lat' dir='ltr'><strong>tempora</strong></span> <span class='ocrx_word' id='word_1_443' title='bbox 644 4787 699 4822; x_wconf 86' lang='lat' dir='ltr'><strong>esse</strong></span> <span class='ocrx_word' id='word_1_444' title='bbox 719 4771 833 4822; x_wconf 88' lang='lat' dir='ltr'><strong>desiisse.</strong></span> <span class='ocrx_word' id='word_1_445' title='bbox 866 4771 943 4832; x_wconf 86' lang='lat' dir='ltr'><strong>Quod</strong></span> <span class='ocrx_word' id='word_1_446' title='bbox 962 4773 990 4822; x_wconf 92' lang='lat' dir='ltr'><strong>iu</strong></span> <span class='ocrx_word' id='word_1_447' title='bbox 1009 4772 1131 4822; x_wconf 83' lang='lat' dir='ltr'><strong>missione</strong></span> <span class='ocrx_word' id='word_1_448' title='bbox 1150 4787 1174 4822; x_wconf 86' lang='lat' dir='ltr'><strong>a.</strong></span> <span class='ocrx_word' id='word_1_449' title='bbox 1189 4773 1242 4822; x_wconf 81' lang='lat'><strong>216</strong></span> <span class='ocrx_word' id='word_1_450' title='bbox 1262 4773 1333 4823; x_wconf 88' lang='lat' dir='ltr'><strong>solae</strong></span> <span class='ocrx_word' id='word_1_451' title='bbox 1352 4772 1471 4822; x_wconf 88' lang='lat' dir='ltr'><strong>cohortes</strong></span> 
     </span>
     <span class='ocr_line' id='line_1_42' title="bbox 161 4861 1469 4928; baseline -0.001 -16"><span class='ocrx_word' id='word_1_452' title='bbox 161 4861 255 4914; x_wconf 69' lang='lat' dir='ltr'><strong>numm</strong></span> <span class='ocrx_word' id='word_1_453' title='bbox 272 4866 307 4916; x_wconf 84' lang='lat' dir='ltr'><strong>X.</strong></span> <span class='ocrx_word' id='word_1_454' title='bbox 325 4866 376 4916; x_wconf 86' lang='lat' dir='ltr'><strong>XI.</strong></span> <span class='ocrx_word' id='word_1_455' title='bbox 395 4865 461 4917; x_wconf 87' lang='lat' dir='ltr'><strong>x11.</strong></span> <span class='ocrx_word' id='word_1_456' title='bbox 479 4865 564 4915; x_wconf 84' lang='lat' dir='ltr'>XIIII</span> <span class='ocrx_word' id='word_1_457' title='bbox 583 4865 748 4915; x_wconf 87' lang='lat' dir='ltr'><strong>nominantur</strong></span> <span class='ocrx_word' id='word_1_458' title='bbox 767 4863 868 4914; x_wconf 88' lang='lat' dir='ltr'><strong>omissis</strong></span> <span class='ocrx_word' id='word_1_459' title='bbox 887 4863 901 4912; x_wconf 96' lang='lat' dir='ltr'>I</span> <span class='ocrx_word' id='word_1_460' title='bbox 921 4870 946 4912; x_wconf 90' lang='lat' dir='ltr'><strong>et</strong></span> <span class='ocrx_word' id='word_1_461' title='bbox 958 4864 1041 4925; x_wconf 86' lang='lat' dir='ltr'>XIII,</span> <span class='ocrx_word' id='word_1_462' title='bbox 1062 4865 1124 4914; x_wconf 90' lang='lat' dir='ltr'><strong>satis</strong></span> <span class='ocrx_word' id='word_1_463' title='bbox 1143 4864 1204 4914; x_wconf 88' lang='lat' dir='ltr'><strong>iude</strong></span> <span class='ocrx_word' id='word_1_464' title='bbox 1223 4865 1379 4928; x_wconf 84' lang='lat' dir='ltr'><strong>explicatur,</strong></span> <span class='ocrx_word' id='word_1_465' title='bbox 1400 4863 1469 4927; x_wconf 86' lang='lat' dir='ltr'><strong>quod</strong></span> 
     </span>
     <span class='ocr_line' id='line_1_43' title="bbox 163 4949 666 5009; baseline 0.006 -6"><span class='ocrx_word' id='word_1_466' title='bbox 163 4949 201 5003; x_wconf 81' lang='lat' dir='ltr'><strong>hae</strong></span> <span class='ocrx_word' id='word_1_467' title='bbox 215 4963 284 5008; x_wconf 82' lang='lat' dir='ltr'><strong>extra</strong></span> <span class='ocrx_word' id='word_1_468' title='bbox 300 4959 390 5009; x_wconf 86' lang='lat' dir='ltr'><strong>urbem</strong></span> <span class='ocrx_word' id='word_1_469' title='bbox 410 4963 496 5008; x_wconf 74' lang='lat' dir='ltr'><strong>emtus</strong></span> <span class='ocrx_word' id='word_1_470' title='bbox 515 4957 666 5008; x_wconf 88' lang='lat' dir='ltr'><strong>habuerunt.</strong></span> 
     </span>
    </p>

    <p class='ocr_par' dir='ltr' id='par_1_13' title="bbox 164 5043 1469 5294">
     <span class='ocr_line' id='line_1_44' title="bbox 206 5043 1469 5112; baseline -0.005 -12"><span class='ocrx_word' id='word_1_471' title='bbox 206 5045 227 5108; x_wconf 77' lang='lat'><strong>⁴)</strong></span> <span class='ocrx_word' id='word_1_472' title='bbox 246 5049 274 5100; x_wconf 85' lang='lat' dir='ltr'><strong>C.</strong></span> <span class='ocrx_word' id='word_1_473' title='bbox 287 5050 370 5112; x_wconf 87' lang='lat' dir='ltr'>VIII,</span> <span class='ocrx_word' id='word_1_474' title='bbox 396 5049 476 5101; x_wconf 79' lang='lat'><strong>1025.</strong></span> <span class='ocrx_word' id='word_1_475' title='bbox 498 5049 577 5100; x_wconf 77' lang='lat'><strong>1026.</strong></span> <span class='ocrx_word' id='word_1_476' title='bbox 601 5049 679 5100; x_wconf 80' lang='grc'><strong>1583.</strong></span> <span class='ocrx_word' id='word_1_477' title='bbox 718 5049 750 5111; x_wconf 85' lang='lat' dir='ltr'><strong>Q.</strong></span> <span class='ocrx_word' id='word_1_478' title='bbox 770 5048 840 5098; x_wconf 83' lang='lat' dir='ltr'><strong>Aelii</strong></span> <span class='ocrx_word' id='word_1_479' title='bbox 859 5048 941 5100; x_wconf 87' lang='lat' dir='ltr'><strong>Primi</strong></span> <span class='ocrx_word' id='word_1_480' title='bbox 961 5047 1068 5110; x_wconf 63' lang='lat' dir='ltr'><strong>additus&gt;</strong></span> <span class='ocrx_word' id='word_1_481' title='bbox 1088 5046 1142 5099; x_wconf 81' lang='lat' dir='ltr'><strong>cola.</strong></span> <span class='ocrx_word' id='word_1_482' title='bbox 1156 5043 1249 5096; x_wconf 81' lang='lat' dir='ltr'>XIIII</span> <span class='ocrx_word' id='word_1_483' title='bbox 1265 5043 1396 5106; x_wconf 82' lang='lat' dir='ltr'><strong>urb(auue)</strong></span> <span class='ocrx_word' id='word_1_484' title='bbox 1417 5045 1469 5095; x_wconf 88' lang='lat' dir='ltr'><strong>elo-</strong></span> 
     </span>
     <span class='ocr_line' id='line_1_45' title="bbox 164 5129 1466 5208; baseline -0.005 -15"><span class='ocrx_word' id='word_1_485' title='bbox 164 5135 216 5198; x_wconf 66' lang='lat' dir='ltr'><strong>pau</strong></span> <span class='ocrx_word' id='word_1_486' title='bbox 232 5143 324 5205; x_wconf 82' lang='lat' dir='ltr'><strong>prodiit</strong></span> <span class='ocrx_word' id='word_1_487' title='bbox 337 5143 365 5193; x_wconf 89' lang='lat' dir='ltr'><strong>in</strong></span> <span class='ocrx_word' id='word_1_488' title='bbox 378 5141 514 5207; x_wconf 77' lang='lat' dir='ltr'><strong>provincIa</strong></span> <span class='ocrx_word' id='word_1_489' title='bbox 526 5141 702 5208; x_wconf 88' lang='lat' dir='ltr'><strong>proconsulari</strong></span> <span class='ocrx_word' id='word_1_490' title='bbox 718 5141 752 5192; x_wconf 85' lang='lat' dir='ltr'><strong>sd</strong></span> <span class='ocrx_word' id='word_1_491' title='bbox 764 5141 881 5191; x_wconf 83' lang='lat' dir='ltr'><strong>Auittsm</strong></span> <span class='ocrx_word' id='word_1_492' title='bbox 895 5140 1004 5192; x_wconf 87' lang='lat' dir='ltr'><strong>Bibbam</strong></span> <span class='ocrx_word' id='word_1_493' title='bbox 1024 5141 1156 5202; x_wconf 82' lang='lat' dir='ltr'><strong>(Poinssot</strong></span> <span class='ocrx_word' id='word_1_494' title='bbox 1168 5135 1238 5188; x_wconf 82' lang='lat' dir='ltr'><strong>Ball.</strong></span> <span class='ocrx_word' id='word_1_495' title='bbox 1252 5129 1357 5188; x_wconf 77' lang='lat' dir='ltr'><strong>d’Otuu</strong></span> <span class='ocrx_word' id='word_1_496' title='bbox 1376 5136 1438 5187; x_wconf 85' lang='lat' dir='ltr'><strong>Iaso.</strong></span> <span class='ocrx_word' id='word_1_497' title='bbox 1451 5137 1466 5186; x_wconf 86' lang='lat'>5</span> 
     </span>
     <span class='ocr_line' id='line_1_46' title="bbox 165 5228 254 5294; baseline 0.045 -16"><span class='ocrx_word' id='word_1_498' title='bbox 165 5228 254 5294; x_wconf 74' lang='lat' dir='ltr'><strong>utto).</strong></span> 
     </span>
    </p>
   </div>
   <div class='ocr_carea' id='block_1_8' title="bbox 0 0 1726 5932">
    <p class='ocr_par' dir='ltr' id='par_1_14' title="bbox 0 0 1726 5932">
     <span class='ocr_line' id='line_1_47' title="bbox 0 0 1726 5932; baseline 0 3"><span class='ocrx_word' id='word_1_499' title='bbox 0 0 1726 5932; x_wconf 95' lang='lat' dir='ltr'><strong> </strong></span> 
     </span>
    </p>
   </div>
  </div>
 </body>
</html>
