3444 5932
423 605 1028 662 ossnnvsmonsesmeneemosn.
1321 589 1392 660 127

128 779 331 841 Protectoratua
353 799 413 859 quo
435 781 502 840 loco
523 781 615 840 inerit
640 782 737 858 primo
759 791 907 858 tempore,
935 781 1102 842 tacentibus
1131 779 1328 858 scriptoribus
1355 799 1395 840 ex

97 883 173 944 titulis
192 883 261 944 eolis
281 883 469 960 aliquatenus
492 883 665 944 elucidatur.
701 883 829 944 Videtur
844 891 942 942 eutem
964 884 1008 942 ita
1028 881 1174 960 coepisse,
1198 891 1311 942 utnon
1334 891 1394 942 tam

94 1001 135 1060 pcr
152 1001 180 1042 ae
199 985 418 1058 concederetur,
445 1003 534 1062 quam
557 993 708 1062 tamqnam
730 985 866 1044 cumulus
892 993 923 1044 et
947 984 1112 1044 officiorum
1140 991 1169 1042 et
1194 984 1394 1062 praemiorum

93 1087 232 1146 ediceretur
251 1087 288 1146 ed
313 1087 415 1148 cilicia
439 1086 579 1148 militaria
605 1087 738 1160 diversa,
764 1105 890 1163 quorum
918 1104 995 1162 quae
1021 1087 1053 1146 in
1080 1084 1176 1146 titulis
1202 1086 1395 1146 inveniuntur

93 1187 150 1246 baec
168 1199 243 1248 sunt:

164 1291 187 1348 l.
216 1290 399 1367 Pressecuerc
420 1291 554 1368 lepionie:
575 1311 604 1350 n.
620 1291 649 1352 2.
664 1290 693 1350 9.
737 1289 932 1350 Praefectura
945 1289 1106 1368 praecedit,
1121 1289 1310 1367 subiungitur
1324 1309 1393 1366 pro-

217 1401 386 1452 lectoratus.

161 1493 185 1552 3.
217 1494 391 1554 Tribunctue
414 1495 536 1554 cohortis
554 1497 735 1572 praetoriae:
755 1514 784 1552 ιι.
804 1495 830 1552 l.
849 1493 897 1566 17,
919 1495 989 1554 item
1012 1515 1040 1552 ιι.
1061 1492 1109 1564 13,
1131 1493 1182 1554 nbi
1201 1499 1249 1552 est
1263 1491 1391 1556 mourut

213 1597 300 1656 nude.
346 1597 531 1656 Tribunatns
551 1598 621 1656 item
643 1595 804 1674 praecedit.

158 1697 183 1756 3.
212 1698 385 1760 lribrenotne
407 1698 525 1773 lepionir
547 1717 617 1756 num
639 1699 683 1758 ire
703 1716 769 1758 com
792 1697 904 1758 ducena
925 1697 1063 1774 coniungi
1086 1697 1224 1775 potuerit,
1246 1697 1390 1756 incertum

212 1809 270 1874 cst,
298 1800 464 1860 verisimile
486 1808 585 1860 temen
606 1809 729 1878 propter
751 1821 780 1858 ιι.
796 1802 845 1860 51.
888 1797 968 1860 Nom
991 1799 1071 1875 quod
1094 1799 1210 1859 ducena
1231 1797 1391 1874 praecedit,

210 1903 348 1980 sequitur
370 1903 548 1974 tribunatus,
573 1903 720 1980 exemplis
744 1901 913 1962 defenditur
934 1901 1023 1978 quale
1045 1911 1092 1961 est
1114 1899 1148 1960 Ο.
1163 1899 1205 1973 Χ,
1229 1899 1323 1960 5³36:
1346 1903 1392 1958 cir

210 2005 396 2076 ducenarius,
415 2023 495 2081 proc.
518 2013 574 2062 rot.
597 2015 683 2064 coen.

153 2106 178 2166 t.
211 2103 432 2166 Cerrtcrr'onctue
455 2108 676 2182 praetorianae:
715 2125 744 2164 n.
773 2109 819 2166 ll.
842 2107 890 2166 13.
916 2106 964 2166 14.
994 2107 1041 2166 15.
1092 2103 1319 2184 l³raetoriannm
1345 2103 1389 2164 in·

207 2207 311 2286 tellegi
335 2207 537 2268 centurionem
560 2208 591 2266 in
613 2209 710 2285 primo
732 2227 834 2268 eorum
857 2215 945 2268 extre
966 2207 1088 2266 dubium
1109 2215 1173 2278 est;
1197 2205 1234 2265 de
1256 2205 1388 2266 secundo

206 2308 287 2368 idem
309 2309 380 2368 inde
400 2309 598 2388 intellegitur,
625 2309 706 2386 quod
729 2313 852 2371 centurio
871 2319 1013 2386 protector
1038 2308 1201 2386 opponitur
1226 2307 1389 2368 centurioni

205 2411 389 2488 legionari03
421 2410 559 2470 similiter
584 2411 774 2472 iudicandum
796 2430 863 2471 esse
885 2412 922 2472 de
943 2415 1103 2470 centurione
1119 2419 1278 2487 protectore
1303 2429 1332 2468 ιι.
1351 2409 1388 2466 15

205 2511 373 2572 verisimile
395 2519 450 2572 est.
494 2510 645 2572 Receders
669 2512 785 2572 videtur
807 2533 826 2572 a
843 2514 994 2574 communi
1015 2514 1082 2591 lege
1103 2511 1208 2570 titulus
1224 2509 1388 2570 Baudionie

205 2633 233 2672 n.
253 2614 309 2688 14,
340 2613 394 2672 sed
416 2620 515 2690 potest
536 2613 654 2674 Bandio
676 2633 714 2674 ex
735 2613 887 2674 ordinario
908 2615 1080 2674 centurione
1101 2613 1265 2690 legionario
1290 2612 1388 2670 iactus

205 2731 278 2776 essa
308 2714 444 2773 centurio
479 2715 688 2792 praetorianus
719 2717 848 2794 itemque
877 2725 1027 2792 protector
1060 2714 1238 2776 ducenarius
1269 2721 1299 2774 et
1331 2713 1389 2772 boc

204 2815 339 2876 officium
361 2815 534 2876 enuntiasse
555 2816 608 2876 illo
629 2818 751 2877 omisso.

152 2913 176 2974 5.
208 2915 349 2993 [DJoctcr
362 2917 482 2992 februm
503 2916 638 2994 lepionr'e:
658 2937 687 2976 ιι.
706 2919 753 2978 18.
787 2917 929 2978 Officium
951 2917 1023 2978 alibi
1044 2937 1104 2978 non
1119 2925 1315 2978 memoratum
1337 2937 1389 2978 nc-

204 3035 266 3093 que
287 3018 485 3078 certissimum
508 3019 535 3078 ei
556 3027 636 3079 recte
657 3019 826 3078 restitutum
848 3029 907 3093 eat,
935 3019 1040 3080 doctor
1061 3020 1110 3078 hic
1131 3021 1319 3096 aliquetenus
1340 3038 1388 3078 ac·

204 3119 287 3180 cedit
308 3119 349 3178 ad
369 3120 619 3196 campidoctores3
642 3138 694 3180 eos
716 3129 814 3180 summ
837 3121 982 3199 dignitate
1001 3121 1130 3181 eminere
1152 3121 1229 3181 inter
1243 3122 1305 3181 alia
1318 3121 1389 3182 inde

204 3220 401 3298 intellegitur,
423 3221 504 3296 quod
524 3221 556 3280 in
578 3222 665 3281 titulo
683 3222 904 3282 Tarraconensi
927 3221 962 3281 Ο.
978 3221 1021 3294 Il,
1043 3221 1124 3283 4083
1148 3223 1297 3283 invenitur
1318 3241 1387 3282 cen-

204 3323 285 3382 turio
307 3321 491 3399 legionarios
509 3321 738 3400 prcep(oettue),
764 3324 876 3384 scilicet
901 3324 1050 3402 equitibus
1073 3325 1275 3401 singularibus
1301 3344 1386 3384 exer·

203 3425 283 3484 citus
297 3422 466 3500 Hispanici,
488 3425 574 3490 circel
594 3436 621 3484 et
641 3425 871 3504 ccmp(idoctor).
908 3425 957 3485 of.
979 3427 1049 3486 item
1065 3423 1100 3486 0.
1113 3425 1166 3498 Vl,
1182 3427 1252 3486 533.
1269 3425 1385 3486 steen

147 3522 172 3582 6.
204 3524 384 3602 [Pro]tector
405 3529 528 3603 equiturn
554 3525 829 3603 [praeponerem
855 3527 880 3586 si
906 3536 984 3587 recte
1006 3527 1127 3587 effectus
1148 3535 1196 3586 est
1221 3545 1260 3586 ex
1285 3528 1385 3586 lacero

202 3627 373 3704 fragmento
396 3627 496 3700 n.10,
523 3628 708 3705 significetur
733 3629 797 3688 sine
819 3627 909 3688 dubio
936 3632 1104 3688 uremur
1129 3632 1251 3706 εᾳειιιειι
1269 3639 1386 3704 presto·

203 3733 355 3788 riarwrurn
374 3727 453 3788 idem
474 3729 656 3806 protectoria
669 3729 813 3808 dignitate
828 3738 949 3790 ornante
971 3739 1001 3789 et
1021 3738 1180 3808 propterea
1198 3729 1321 3788 abusive
1341 3733 1386 3787 ita

204 3830 384 3908 appellatus,
405 3831 468 3890 iere
490 3837 523 3890 ut
543 3849 582 3890 ex
603 3831 704 3910 legato
716 3827 897 3892 Germaniae
919 3832 984 3890 viro
1005 3831 1156 3892 consulari
1173 3830 1299 3890 efficitur
1314 3847 1385 3890 eon-

207 3931 317 3990 sularis
340 3928 531 3992 Germanice.

146 4028 171 4088 7·
204 4032 275 4092 Duc
296 4033 466 4094 ducerer-ine
488 4033 514 4093 si
535 4032 623 4092 adest
644 4033 675 4092 iu
697 4033 785 4094 titulo
810 4054 839 4094 n.
855 4034 894 4094 49
917 4052 945 4092 a.
962 4033 1031 4107 tet,
1064 4033 1116 4111 qui
1145 4033 1265 4094 iubente
1290 4033 1383 4112 impe-

204 4142 305 4194 ratore
318 4134 458 4194 Veronae
478 4142 542 4194 tnm
562 4134 703 4196 ducatum
724 4136 856 4211 suscepit
877 4143 965 4194 extra
982 4133 1115 4196 ordinem
1137 4133 1221 4209 (nam
1240 4134 1384 4194 ordinarii

204 4235 295 4296 doces
318 4247 381 4296 tum
398 4235 473 4296 nulli
488 4237 633 4312 luerunt),
655 4236 726 4294 item
739 4235 872 4296 ducenae
886 4235 1030 4296 honorem
1044 4235 1253 4314 stipendioque
1268 4253 1288 4294 a
1301 4237 1383 4314 prin·

203 4336 269 4414 cipe
290 4337 443 4415 accepisse
460 4347 570 4416 potest.
606 4337 791 4398 Protectoris
807 4345 904 4397 unum
919 4336 1096 4398 vocabulum
1111 4337 1247 4398 omiserit
1260 4355 1299 4396 an
1314 4355 1383 4414 pro·

202 4446 351 4498 tector-atu
372 4439 510 4512 caruerit,
533 4456 593 4498 non
614 4439 718 4516 liquet

103 4529 135 4592 ln
153 4554 208 4596 nno
228 4557 268 4600 ex
290 4539 384 4599 titulis
405 4539 454 4598 bis
475 4559 505 4600 ιι.
519 4540 556 4598 17
572 4540 649 4600 inter
664 4549 821 4618 utrumque
835 4539 967 4602 officium
982 4539 1092 4616 copule
1104 4539 1234 4618 ponitur,
1257 4539 1287 4600 id
1302 4541 1383 4617 quod

72 4636 240 4700 contrairi
261 4642 294 4700 in
315 4639 486 4700 muneribus
509 4640 610 4718 aliquo
632 4641 750 4701 vinculo
769 4641 944 4702 coniunctis.
981 4638 1105 4718 Semper
1125 4641 1276 4719 praecedit
1296 4659 1382 4718 prae·

72 4727 166 4798 scotuna
184 4741 352 4802 tribunatus
374 4741 609 4815 centurionatus,
631 4743 820 4822 subiungitur
841 4749 1060 4819 protectoratus
1082 4744 1198 4814 statim,
1220 4741 1278 4801 nisi
1301 4742 1381 4818 quod

73 4829 96 4887 lt
113 4855 138 4896 n
150 4839 182 4900 15
203 4842 251 4902 bic
273 4843 401 4902 anemii
422 4841 490 4902 loco
512 4851 583 4920 post
602 4843 663 4904 alia
677 4844 847 4920 adscriptus
863 4853 920 4916 est,
941 4845 1012 4904 item
1033 4865 1063 4904 n.
1079 4845 1126 4915 10,
1149 4845 1175 4904 si
1191 4861 1292 4902 verum
1309 4842 1381 4913 vidi,

72 4949 192 5006 Persem
212 4944 328 5004 ratione
350 4953 507 5022 utrumque
521 4945 710 5006 coniunctum
725 4953 780 5006 est.
813 4945 935 5004 Adeunt
949 4945 1083 5005 ciusdem
1099 4945 1206 5004 aetatis
1222 4943 1301 5004 tituli
1316 4945 1379 5020 qui·

73 5031 129 5096 lom
145 5052 339 5118 protectorum
362 5046 486 5106 alterum
509 5046 680 5124 dignitatem
700 5048 812 5108 nullam
828 5047 1056 5119 enuntientium,
1078 5054 1236 5123 potestque
1251 5045 1326 5116 fieri,
1349 5055 1381 5102 ut

72 5131 93 5190 5⁸
111 5137 192 5204 honor
212 5149 300 5208 etiam
323 5148 389 5208 sine
410 5148 472 5206 alio
494 5147 611 5208 delatus
627 5149 680 5220 sit3
704 5149 758 5209 sed
773 5149 868 5226 magis
883 5148 1060 5209 crediderim
1074 5148 1106 5206 in
1122 5148 1169 5206 bis
1184 5147 1310 5206 alterum
1326 5145 1379 5202 ho·

73 5251 155 5303 nomm
174 5249 376 5310 tantummodo
398 5267 594 5329 suppressum
616 5269 683 5312 esse
704 5259 735 5311 et
749 5269 818 5310 vere
834 5249 978 5313 Severum
999 5251 1125 5310 iterem
1146 5247 1325 5321 instituisse,
1346 5255 1380 5306 ut
