<?xml version="1.0" encoding="UTF-8"?>
<!DOCTYPE html PUBLIC "-//W3C//DTD XHTML 1.0 Transitional//EN"
    "http://www.w3.org/TR/xhtml1/DTD/xhtml1-transitional.dtd">
<html xmlns="http://www.w3.org/1999/xhtml" xml:lang="en" lang="en">
 <head>
  <title>
</title>
<meta http-equiv="Content-Type" content="text/html;charset=utf-8" />
  <meta name='ocr-system' content='tesseract 3.04.00' />
  <meta name='ocr-capabilities' content='ocr_page ocr_carea ocr_par ocr_line ocrx_word'/>
</head>
<body>
  <div class='ocr_page' id='page_1' title='image "./ephemerisepigra11instgoog_0078.png"; bbox 0 0 3544 5932; ppageno 0'>
   <div class='ocr_carea' id='block_1_1' title="bbox 46 1717 307 1787">
    <p class='ocr_par' dir='ltr' id='par_1_1' title="bbox 46 1717 307 1787">
     <span class='ocr_line' id='line_1_1' title="bbox 46 1717 307 1787; baseline 0.004 -10"><span class='ocrx_word' id='word_1_1' title='bbox 46 1778 50 1787; x_wconf 83' lang='grc'>,</span> <span class='ocrx_word' id='word_1_2' title='bbox 147 1717 204 1778; x_wconf 78' lang='grc'><strong>183</strong></span> <span class='ocrx_word' id='word_1_3' title='bbox 226 1720 307 1779; x_wconf 86' lang='lat' dir='ltr'><strong>Deli.</strong></span> 
     </span>
    </p>
   </div>
   <div class='ocr_carea' id='block_1_2' title="bbox 152 611 1471 688">
    <p class='ocr_par' dir='ltr' id='par_1_2' title="bbox 152 611 1471 688">
     <span class='ocr_line' id='line_1_2' title="bbox 152 611 1471 688; baseline -0.006 0"><span class='ocrx_word' id='word_1_4' title='bbox 152 637 255 688; x_wconf 79' lang='lat' dir='ltr'><strong>rar-m</strong></span> <span class='ocrx_word' id='word_1_5' title='bbox 731 633 883 685; x_wconf 75' lang='lat' dir='ltr'><strong>nonme.</strong></span> <span class='ocrx_word' id='word_1_6' title='bbox 1425 611 1471 681; x_wconf 81' lang='lat'><strong>67</strong></span> 
     </span>
    </p>
   </div>
   <div class='ocr_carea' id='block_1_3' title="bbox 152 803 1472 986">
    <p class='ocr_par' dir='ltr' id='par_1_3' title="bbox 152 803 1472 986">
     <span class='ocr_line' id='line_1_3' title="bbox 152 803 1472 885; baseline -0.004 -18"><span class='ocrx_word' id='word_1_7' title='bbox 152 807 204 868; x_wconf 75' lang='lat'><strong>182</strong></span> <span class='ocrx_word' id='word_1_8' title='bbox 229 809 265 866; x_wconf 84' lang='lat' dir='ltr'><strong>ad</strong></span> <span class='ocrx_word' id='word_1_9' title='bbox 292 809 369 885; x_wconf 79' lang='lat' dir='ltr'><strong>llph.</strong></span> <span class='ocrx_word' id='word_1_10' title='bbox 391 807 434 866; x_wconf 93' lang='lat' dir='ltr'><strong>lV</strong></span> <span class='ocrx_word' id='word_1_11' title='bbox 456 828 487 885; x_wconf 91' lang='lat' dir='ltr'><strong>p.</strong></span> <span class='ocrx_word' id='word_1_12' title='bbox 504 805 544 865; x_wconf 77' lang='lat'><strong>42</strong></span> <span class='ocrx_word' id='word_1_13' title='bbox 567 827 595 864; x_wconf 91' lang='lat' dir='ltr'><strong>n.</strong></span> <span class='ocrx_word' id='word_1_14' title='bbox 612 807 659 865; x_wconf 86' lang='grc'><strong>77.</strong></span> <span class='ocrx_word' id='word_1_15' title='bbox 708 806 857 884; x_wconf 84' lang='lat' dir='ltr'><strong>Ectypum</strong></span> <span class='ocrx_word' id='word_1_16' title='bbox 885 807 968 866; x_wconf 90' lang='lat' dir='ltr'><strong>misit</strong></span> <span class='ocrx_word' id='word_1_17' title='bbox 992 803 1142 866; x_wconf 88' lang='lat' dir='ltr'><strong>Homolle.</strong></span> <span class='ocrx_word' id='word_1_18' title='bbox 1190 805 1283 864; x_wconf 80' lang='lat' dir='ltr'>Recte</span> <span class='ocrx_word' id='word_1_19' title='bbox 1310 803 1391 864; x_wconf 89' lang='lat' dir='ltr'><strong>edita</strong></span> <span class='ocrx_word' id='word_1_20' title='bbox 1417 811 1472 876; x_wconf 88' lang='lat' dir='ltr'><strong>est,</strong></span> 
     </span>
     <span class='ocr_line' id='line_1_4' title="bbox 184 909 674 986; baseline -0.004 -18"><span class='ocrx_word' id='word_1_21' title='bbox 184 911 237 969; x_wconf 87' lang='lat' dir='ltr'><strong>nisi</strong></span> <span class='ocrx_word' id='word_1_22' title='bbox 259 911 339 986; x_wconf 85' lang='lat' dir='ltr'><strong>quod</strong></span> <span class='ocrx_word' id='word_1_23' title='bbox 360 927 470 969; x_wconf 87' lang='lat' dir='ltr'><strong>versus</strong></span> <span class='ocrx_word' id='word_1_24' title='bbox 492 910 536 968; x_wconf 85' lang='lat' dir='ltr'><strong>ita</strong></span> <span class='ocrx_word' id='word_1_25' title='bbox 556 909 674 968; x_wconf 85' lang='lat' dir='ltr'><strong>finiunt:</strong></span> 
     </span>
    </p>
   </div>
   <div class='ocr_carea' id='block_1_4' title="bbox 651 1065 938 2102">
    <p class='ocr_par' dir='ltr' id='par_1_4' title="bbox 651 1065 938 2102">
     <span class='ocr_line' id='line_1_5' title="bbox 698 1065 728 1124; baseline 0 0"><span class='ocrx_word' id='word_1_26' title='bbox 698 1065 728 1124; x_wconf 94' lang='lat' dir='ltr'><strong>A</strong></span> 
     </span>
     <span class='ocr_line' id='line_1_6' title="bbox 676 1183 755 1226; baseline -0.013 0"><span class='ocrx_word' id='word_1_27' title='bbox 676 1183 755 1226; x_wconf 63' lang='lat' dir='ltr'><strong>VEb</strong></span> 
     </span>
     <span class='ocr_line' id='line_1_7' title="bbox 740 1283 936 1327; baseline -0.005 -1"><span class='ocrx_word' id='word_1_28' title='bbox 740 1283 936 1327; x_wconf 79' lang='grc' dir='ltr'><strong>ΟΥῊΟΝΟΥ</strong></span> 
     </span>
     <span class='ocr_line' id='line_1_8' title="bbox 871 1387 938 1428; baseline 0.015 -1"><span class='ocrx_word' id='word_1_29' title='bbox 871 1387 938 1428; x_wconf 83' lang='grc' dir='ltr'><strong>ΚΑΤ</strong></span> 
     </span>
     <span class='ocr_line' id='line_1_9' title="bbox 651 1855 922 1908; baseline 0 -10"><span class='ocrx_word' id='word_1_30' title='bbox 651 1855 723 1908; x_wconf 67' lang='lat' dir='ltr'><strong>lum</strong></span> <span class='ocrx_word' id='word_1_31' title='bbox 781 1856 861 1899; x_wconf 77' lang='lat' dir='ltr'><strong>AEG</strong></span> <span class='ocrx_word' id='word_1_32' title='bbox 902 1867 922 1898; x_wconf 85' lang='lat' dir='ltr'><strong>m</strong></span> 
     </span>
     <span class='ocr_line' id='line_1_10' title="bbox 693 1957 899 2000; baseline 0.005 -1"><span class='ocrx_word' id='word_1_33' title='bbox 693 1969 705 1999; x_wconf 85' lang='lat' dir='ltr'><strong>c</strong></span> <span class='ocrx_word' id='word_1_34' title='bbox 742 1957 899 2000; x_wconf 73' lang='lat' dir='ltr'><strong>Patras·</strong></span> 
     </span>
     <span class='ocr_line' id='line_1_11' title="bbox 767 2060 930 2102; baseline 0 0"><span class='ocrx_word' id='word_1_35' title='bbox 767 2060 860 2102; x_wconf 81' lang='lat' dir='ltr'><strong>CN·F</strong></span> <span class='ocrx_word' id='word_1_36' title='bbox 888 2060 930 2102; x_wconf 81' lang='grc' dir='ltr'><strong>ΑΡ</strong></span> 
     </span>
    </p>
   </div>
   <div class='ocr_carea' id='block_1_5' title="bbox 159 2251 1476 2566">
    <p class='ocr_par' dir='ltr' id='par_1_5' title="bbox 159 2251 1476 2566">
     <span class='ocr_line' id='line_1_12' title="bbox 161 2251 1473 2334; baseline -0.004 -20"><span class='ocrx_word' id='word_1_37' title='bbox 161 2254 297 2334; x_wconf 82' lang='lat' dir='ltr'><strong>Descripsi</strong></span> <span class='ocrx_word' id='word_1_38' title='bbox 323 2255 363 2315; x_wconf 88' lang='lat' dir='ltr'><strong>ad</strong></span> <span class='ocrx_word' id='word_1_39' title='bbox 388 2264 527 2334; x_wconf 86' lang='lat' dir='ltr'><strong>ectypum</strong></span> <span class='ocrx_word' id='word_1_40' title='bbox 552 2256 677 2316; x_wconf 90' lang='lat' dir='ltr'><strong>missum</strong></span> <span class='ocrx_word' id='word_1_41' title='bbox 706 2255 743 2314; x_wconf 90' lang='lat' dir='ltr'><strong>ab</strong></span> <span class='ocrx_word' id='word_1_42' title='bbox 768 2253 939 2326; x_wconf 90' lang='lat' dir='ltr'><strong>Homollio‚</strong></span> <span class='ocrx_word' id='word_1_43' title='bbox 967 2253 1018 2330; x_wconf 87' lang='lat' dir='ltr'><strong>qui</strong></span> <span class='ocrx_word' id='word_1_44' title='bbox 1044 2253 1091 2313; x_wconf 90' lang='lat' dir='ltr'><strong>ed.</strong></span> <span class='ocrx_word' id='word_1_45' title='bbox 1112 2252 1194 2312; x_wconf 82' lang='lat' dir='ltr'><strong>Ball.</strong></span> <span class='ocrx_word' id='word_1_46' title='bbox 1221 2253 1255 2311; x_wconf 81' lang='lat' dir='ltr'><strong>de</strong></span> <span class='ocrx_word' id='word_1_47' title='bbox 1275 2271 1349 2312; x_wconf 86' lang='lat' dir='ltr'><strong>corr.</strong></span> <span class='ocrx_word' id='word_1_48' title='bbox 1373 2251 1473 2312; x_wconf 75' lang='lat' dir='ltr'><strong>tetta</strong></span> 
     </span>
     <span class='ocr_line' id='line_1_13' title="bbox 159 2357 393 2434; baseline 0.013 -21"><span class='ocrx_word' id='word_1_49' title='bbox 159 2358 252 2434; x_wconf 82' lang='grc'><strong>(1819)</strong></span> <span class='ocrx_word' id='word_1_50' title='bbox 275 2377 305 2434; x_wconf 89' lang='lat' dir='ltr'><strong>p.</strong></span> <span class='ocrx_word' id='word_1_51' title='bbox 323 2357 393 2416; x_wconf 83' lang='lat'>149.</span> 
     </span>
     <span class='ocr_line' id='line_1_14' title="bbox 192 2433 1476 2566; baseline 0 -50"><span class='ocrx_word' id='word_1_52' title='bbox 192 2433 335 2566; x_wconf 53' lang='lat' dir='ltr'><strong>llante</strong></span> <span class='ocrx_word' id='word_1_53' title='bbox 362 2475 477 2519; x_wconf 65' lang='lat' dir='ltr'><strong>ems·</strong></span> <span class='ocrx_word' id='word_1_54' title='bbox 499 2459 640 2518; x_wconf 89' lang='lat' dir='ltr'><strong>Homolle</strong></span> <span class='ocrx_word' id='word_1_55' title='bbox 666 2467 771 2518; x_wconf 89' lang='lat' dir='ltr'><strong>eontra</strong></span> <span class='ocrx_word' id='word_1_56' title='bbox 795 2467 944 2536; x_wconf 83' lang='lat' dir='ltr'><strong>ectypum.</strong></span> <span class='ocrx_word' id='word_1_57' title='bbox 967 2457 1148 2517; x_wconf 88' lang='lat' dir='ltr'><strong>-Videtur</strong></span> <span class='ocrx_word' id='word_1_58' title='bbox 1169 2457 1305 2517; x_wconf 85' lang='lat' dir='ltr'><strong>dedicata</strong></span> <span class='ocrx_word' id='word_1_59' title='bbox 1332 2475 1397 2518; x_wconf 89' lang='lat' dir='ltr'><strong>esse</strong></span> <span class='ocrx_word' id='word_1_60' title='bbox 1423 2457 1476 2516; x_wconf 90' lang='lat' dir='ltr'><strong>uui</strong></span> 
     </span>
    </p>
   </div>
   <div class='ocr_carea' id='block_1_6' title="bbox 156 2549 1477 2740">
    <p class='ocr_par' dir='ltr' id='par_1_6' title="bbox 156 2549 1477 2740">
     <span class='ocr_line' id='line_1_15' title="bbox 156 2549 1477 2639; baseline -0.001 -22"><span class='ocrx_word' id='word_1_61' title='bbox 156 2563 299 2620; x_wconf 80' lang='lat' dir='ltr'><strong>extribus</strong></span> <span class='ocrx_word' id='word_1_62' title='bbox 321 2561 392 2619; x_wconf 88' lang='lat' dir='ltr'><strong>filiis</strong></span> <span class='ocrx_word' id='word_1_63' title='bbox 414 2562 533 2637; x_wconf 82' lang='lat' dir='ltr'><strong>reginae</strong></span> <span class='ocrx_word' id='word_1_64' title='bbox 556 2560 750 2639; x_wconf 80' lang='lat' dir='ltr'>Cleopatrae,</span> <span class='ocrx_word' id='word_1_65' title='bbox 779 2579 854 2638; x_wconf 89' lang='lat' dir='ltr'><strong>quos</strong></span> <span class='ocrx_word' id='word_1_66' title='bbox 875 2551 1011 2624; x_wconf 74' lang='grc' dir='ltr'><strong>βαοιλεῒο</strong></span> <span class='ocrx_word' id='word_1_67' title='bbox 1031 2549 1178 2624; x_wconf 70' lang='grc' dir='ltr'><strong>βασιλέων</strong></span> <span class='ocrx_word' id='word_1_68' title='bbox 1202 2560 1352 2619; x_wconf 88' lang='lat' dir='ltr'><strong>Antonius</strong></span> <span class='ocrx_word' id='word_1_69' title='bbox 1374 2557 1477 2635; x_wconf 88' lang='lat' dir='ltr'><strong>appel-</strong></span> 
     </span>
     <span class='ocr_line' id='line_1_16' title="bbox 157 2661 832 2740; baseline 0.003 -22"><span class='ocrx_word' id='word_1_70' title='bbox 157 2661 223 2720; x_wconf 83' lang='lat' dir='ltr'><strong>larit</strong></span> <span class='ocrx_word' id='word_1_71' title='bbox 242 2663 434 2738; x_wconf 72' lang='lat' dir='ltr'><strong>(Plutarchus</strong></span> <span class='ocrx_word' id='word_1_72' title='bbox 457 2665 527 2721; x_wconf 87' lang='lat' dir='ltr'><strong>Ant.</strong></span> <span class='ocrx_word' id='word_1_73' title='bbox 545 2665 598 2735; x_wconf 83' lang='lat'><strong>54;</strong></span> <span class='ocrx_word' id='word_1_74' title='bbox 626 2663 688 2722; x_wconf 89' lang='lat' dir='ltr'><strong>Dio</strong></span> <span class='ocrx_word' id='word_1_75' title='bbox 703 2663 754 2735; x_wconf 83' lang='lat'><strong>49,</strong></span> <span class='ocrx_word' id='word_1_76' title='bbox 770 2663 832 2740; x_wconf 86' lang='lat'>41).</span> 
     </span>
    </p>
   </div>
   <div class='ocr_carea' id='block_1_7' title="bbox 912 2872 1474 2882">
    <p class='ocr_par' dir='ltr' id='par_1_7' title="bbox 912 2872 1474 2882">
     <span class='ocr_line' id='line_1_17' title="bbox 912 2872 1474 2882; baseline -0.007 0"><span class='ocrx_word' id='word_1_77' title='bbox 912 2872 1474 2882; x_wconf 71' lang='lat'>——.-—.—-——-—-</span> 
     </span>
    </p>
   </div>
   <div class='ocr_carea' id='block_1_8' title="bbox 46 3028 1476 3218">
    <p class='ocr_par' dir='ltr' id='par_1_8' title="bbox 46 3028 1476 3218">
     <span class='ocr_line' id='line_1_18' title="bbox 46 3028 1476 3116; baseline 0.005 -26"><span class='ocrx_word' id='word_1_78' title='bbox 46 3028 50 3045; x_wconf 94' lang='lat'>&#39;</span> <span class='ocrx_word' id='word_1_79' title='bbox 159 3031 220 3096; x_wconf 77' lang='lat'><strong>184</strong></span> <span class='ocrx_word' id='word_1_80' title='bbox 239 3038 317 3098; x_wconf 85' lang='lat' dir='ltr'><strong>basis</strong></span> <span class='ocrx_word' id='word_1_81' title='bbox 339 3039 508 3116; x_wconf 80' lang='lat' dir='ltr'><strong>fragmenta</strong></span> <span class='ocrx_word' id='word_1_82' title='bbox 529 3037 599 3110; x_wconf 89' lang='lat' dir='ltr'><strong>duo,</strong></span> <span class='ocrx_word' id='word_1_83' title='bbox 620 3036 692 3096; x_wconf 90' lang='lat' dir='ltr'><strong>Deli</strong></span> <span class='ocrx_word' id='word_1_84' title='bbox 713 3055 776 3115; x_wconf 90' lang='lat' dir='ltr'><strong>rep.</strong></span> <span class='ocrx_word' id='word_1_85' title='bbox 791 3039 875 3116; x_wconf 89' lang='lat' dir='ltr'><strong>prius</strong></span> <span class='ocrx_word' id='word_1_86' title='bbox 898 3047 966 3098; x_wconf 88' lang='lat' dir='ltr'><strong>ante</strong></span> <span class='ocrx_word' id='word_1_87' title='bbox 989 3037 1091 3098; x_wconf 88' lang='lat' dir='ltr'><strong>aedem</strong></span> <span class='ocrx_word' id='word_1_88' title='bbox 1111 3037 1149 3096; x_wconf 83' lang='lat' dir='ltr'><strong>ad</strong></span> <span class='ocrx_word' id='word_1_89' title='bbox 1165 3039 1355 3110; x_wconf 86' lang='lat' dir='ltr'><strong>occidentem,</strong></span> <span class='ocrx_word' id='word_1_90' title='bbox 1377 3046 1476 3116; x_wconf 89' lang='lat' dir='ltr'><strong>poste·</strong></span> 
     </span>
     <span class='ocr_line' id='line_1_19' title="bbox 196 3139 873 3218; baseline 0.003 -22"><span class='ocrx_word' id='word_1_91' title='bbox 196 3139 254 3198; x_wconf 89' lang='lat' dir='ltr'><strong>rins</strong></span> <span class='ocrx_word' id='word_1_92' title='bbox 275 3151 341 3199; x_wconf 89' lang='lat' dir='ltr'><strong>ante</strong></span> <span class='ocrx_word' id='word_1_93' title='bbox 363 3141 490 3199; x_wconf 79' lang='lat' dir='ltr'><strong>frontem</strong></span> <span class='ocrx_word' id='word_1_94' title='bbox 513 3141 576 3198; x_wconf 86' lang='lat' dir='ltr'><strong>eius</strong></span> <span class='ocrx_word' id='word_1_95' title='bbox 600 3140 873 3218; x_wconf 80' lang='lat' dir='ltr'><strong>septentrionalem.</strong></span> 
     </span>
    </p>
   </div>
   <div class='ocr_carea' id='block_1_9' title="bbox 375 3261 1221 3500">
    <p class='ocr_par' dir='ltr' id='par_1_9' title="bbox 375 3261 1221 3500">
     <span class='ocr_line' id='line_1_20' title="bbox 393 3261 1221 3456; baseline 0.001 -101"><span class='ocrx_word' id='word_1_96' title='bbox 393 3315 524 3356; x_wconf 52' lang='grc' dir='ltr'><strong>ονε...</strong></span> <span class='ocrx_word' id='word_1_97' title='bbox 565 3261 1221 3456; x_wconf 39' lang='grc' dir='ltr'><strong>ιμινενιιννφκοο</strong></span> 
     </span>
     <span class='ocr_line' id='line_1_21' title="bbox 375 3413 1116 3500; baseline -0.004 -42"><span class='ocrx_word' id='word_1_98' title='bbox 375 3416 506 3500; x_wconf 49' lang='lat' dir='ltr'><strong>*Quales</strong></span> <span class='ocrx_word' id='word_1_99' title='bbox 546 3415 595 3457; x_wconf 78' lang='lat' dir='ltr'><strong>athe</strong></span> <span class='ocrx_word' id='word_1_100' title='bbox 631 3413 1116 3457; x_wconf 77' lang='grc' dir='ltr'><strong>1ΕΝ513·ΕΤ·ΙΤΑ11ΕΕ1·ΕΤ</strong></span> 
     </span>
    </p>
   </div>
   <div class='ocr_carea' id='block_1_10' title="bbox 394 3483 1211 3618">
    <p class='ocr_par' dir='ltr' id='par_1_10' title="bbox 394 3483 1211 3618">
     <span class='ocr_line' id='line_1_22' title="bbox 394 3483 1211 3618; baseline -0.002 -59"><span class='ocrx_word' id='word_1_101' title='bbox 394 3483 530 3618; x_wconf 27' lang='lat' dir='ltr'><strong>cene&amp;</strong></span> <span class='ocrx_word' id='word_1_102' title='bbox 549 3515 805 3569; x_wconf 61' lang='lat' dir='ltr'><strong>,aer-trusum</strong></span> <span class='ocrx_word' id='word_1_103' title='bbox 828 3529 835 3544; x_wconf 92' lang='lat'><strong>·</strong></span> <span class='ocrx_word' id='word_1_104' title='bbox 861 3515 1211 3560; x_wconf 77' lang='lat' dir='ltr'><strong>uaoorrnurvr</strong></span> 
     </span>
    </p>
   </div>
   <div class='ocr_carea' id='block_1_11' title="bbox 143 3651 1483 5360">
    <p class='ocr_par' dir='ltr' id='par_1_11' title="bbox 152 3651 1478 3834">
     <span class='ocr_line' id='line_1_23' title="bbox 152 3651 1478 3734; baseline 0.004 -23"><span class='ocrx_word' id='word_1_105' title='bbox 152 3651 320 3732; x_wconf 82' lang='lat' dir='ltr'><strong>Recognori</strong></span> <span class='ocrx_word' id='word_1_106' title='bbox 347 3657 385 3716; x_wconf 90' lang='lat' dir='ltr'><strong>ad</strong></span> <span class='ocrx_word' id='word_1_107' title='bbox 407 3665 546 3734; x_wconf 84' lang='lat' dir='ltr'><strong>ectypum</strong></span> <span class='ocrx_word' id='word_1_108' title='bbox 572 3656 653 3734; x_wconf 83' lang='lat' dir='ltr'><strong>quod</strong></span> <span class='ocrx_word' id='word_1_109' title='bbox 675 3657 757 3716; x_wconf 88' lang='lat' dir='ltr'><strong>misit</strong></span> <span class='ocrx_word' id='word_1_110' title='bbox 779 3655 928 3716; x_wconf 89' lang='lat' dir='ltr'><strong>Homollc.</strong></span> <span class='ocrx_word' id='word_1_111' title='bbox 976 3655 1059 3716; x_wconf 84' lang='lat' dir='ltr'><strong>Idem</strong></span> <span class='ocrx_word' id='word_1_112' title='bbox 1086 3655 1130 3714; x_wconf 85' lang='lat' dir='ltr'><strong>etl.</strong></span> <span class='ocrx_word' id='word_1_113' title='bbox 1153 3655 1236 3714; x_wconf 84' lang='lat' dir='ltr'><strong>Ball.</strong></span> <span class='ocrx_word' id='word_1_114' title='bbox 1259 3656 1293 3714; x_wconf 85' lang='lat' dir='ltr'><strong>de</strong></span> <span class='ocrx_word' id='word_1_115' title='bbox 1315 3672 1386 3715; x_wconf 89' lang='lat' dir='ltr'><strong>corr.</strong></span> <span class='ocrx_word' id='word_1_116' title='bbox 1411 3655 1478 3718; x_wconf 81' lang='lat' dir='ltr'><strong>hell.</strong></span> 
     </span>
     <span class='ocr_line' id='line_1_24' title="bbox 155 3754 439 3834; baseline 0.021 -24"><span class='ocrx_word' id='word_1_117' title='bbox 155 3754 173 3810; x_wconf 87' lang='grc'>3</span> <span class='ocrx_word' id='word_1_118' title='bbox 196 3755 301 3834; x_wconf 83' lang='grc'><strong>(1879)</strong></span> <span class='ocrx_word' id='word_1_119' title='bbox 323 3778 352 3834; x_wconf 90' lang='lat' dir='ltr'><strong>p.</strong></span> <span class='ocrx_word' id='word_1_120' title='bbox 371 3759 439 3816; x_wconf 86' lang='grc'><strong>147.</strong></span> 
     </span>
    </p>

    <p class='ocr_par' dir='ltr' id='par_1_12' title="bbox 143 3855 1483 5360">
     <span class='ocr_line' id='line_1_25' title="bbox 196 3855 1479 3937; baseline 0.004 -24"><span class='ocrx_word' id='word_1_121' title='bbox 196 3855 233 3916; x_wconf 81' lang='lat' dir='ltr'><strong>L.</strong></span> <span class='ocrx_word' id='word_1_122' title='bbox 252 3858 386 3919; x_wconf 85' lang='lat' dir='ltr'><strong>Licinius</strong></span> <span class='ocrx_word' id='word_1_123' title='bbox 408 3860 551 3920; x_wconf 84' lang='lat' dir='ltr'>Lucullus</span> <span class='ocrx_word' id='word_1_124' title='bbox 578 3861 616 3918; x_wconf 93' lang='lat' dir='ltr'><strong>ab</strong></span> <span class='ocrx_word' id='word_1_125' title='bbox 638 3881 665 3919; x_wconf 91' lang='lat' dir='ltr'><strong>a.</strong></span> <span class='ocrx_word' id='word_1_126' title='bbox 683 3859 742 3918; x_wconf 91' lang='grc'><strong>666</strong></span> <span class='ocrx_word' id='word_1_127' title='bbox 766 3859 812 3918; x_wconf 85' lang='lat' dir='ltr'><strong>vel</strong></span> <span class='ocrx_word' id='word_1_128' title='bbox 836 3859 894 3918; x_wconf 85' lang='grc'><strong>667</strong></span> <span class='ocrx_word' id='word_1_129' title='bbox 919 3859 956 3917; x_wconf 88' lang='lat' dir='ltr'><strong>ad</strong></span> <span class='ocrx_word' id='word_1_130' title='bbox 978 3879 1004 3916; x_wconf 90' lang='lat' dir='ltr'><strong>a.</strong></span> <span class='ocrx_word' id='word_1_131' title='bbox 1022 3859 1082 3918; x_wconf 85' lang='grc'><strong>674</strong></span> <span class='ocrx_word' id='word_1_132' title='bbox 1108 3867 1263 3936; x_wconf 74' lang='lat' dir='ltr'><strong>quaestor,</strong></span> <span class='ocrx_word' id='word_1_133' title='bbox 1291 3859 1397 3919; x_wconf 88' lang='lat' dir='ltr'><strong>deinde</strong></span> <span class='ocrx_word' id='word_1_134' title='bbox 1423 3879 1479 3937; x_wconf 92' lang='lat' dir='ltr'><strong>pro</strong></span> 
     </span>
     <span class='ocr_line' id='line_1_26' title="bbox 154 3959 1480 4038; baseline 0.005 -24"><span class='ocrx_word' id='word_1_135' title='bbox 154 3967 308 4031; x_wconf 76' lang='lat' dir='ltr'><strong>quaestore</strong></span> <span class='ocrx_word' id='word_1_136' title='bbox 323 3963 432 4020; x_wconf 82' lang='lat' dir='ltr'>Asiam</span> <span class='ocrx_word' id='word_1_137' title='bbox 454 3963 674 4021; x_wconf 86' lang='lat' dir='ltr'><strong>administravit</strong></span> <span class='ocrx_word' id='word_1_138' title='bbox 695 3960 745 4037; x_wconf 87' lang='lat' dir='ltr'><strong>(cf.</strong></span> <span class='ocrx_word' id='word_1_139' title='bbox 760 3959 867 4020; x_wconf 83' lang='lat' dir='ltr'><strong>Cicero</strong></span> <span class='ocrx_word' id='word_1_140' title='bbox 889 3960 972 4020; x_wconf 88' lang='lat' dir='ltr'><strong>acad.</strong></span> <span class='ocrx_word' id='word_1_141' title='bbox 996 3959 1123 4037; x_wconf 75' lang='lat' dir='ltr'><strong>prior.2</strong></span> <span class='ocrx_word' id='word_1_142' title='bbox 1145 3963 1199 4020; x_wconf 78' lang='lat' dir='ltr'><strong>im:</strong></span> <span class='ocrx_word' id='word_1_143' title='bbox 1224 3965 1255 4020; x_wconf 83' lang='lat' dir='ltr'><strong>ia</strong></span> <span class='ocrx_word' id='word_1_144' title='bbox 1269 3961 1372 4022; x_wconf 81' lang='lat' dir='ltr'><strong>Acium</strong></span> <span class='ocrx_word' id='word_1_145' title='bbox 1393 3981 1480 4038; x_wconf 84' lang='lat' dir='ltr'><strong>quac-</strong></span> 
     </span>
     <span class='ocr_line' id='line_1_27' title="bbox 152 4061 1480 4139; baseline 0.007 -26"><span class='ocrx_word' id='word_1_146' title='bbox 152 4069 216 4115; x_wconf 68' lang='grc' dir='ltr'><strong>οἱον</strong></span> <span class='ocrx_word' id='word_1_147' title='bbox 231 4065 371 4137; x_wconf 80' lang='lat' dir='ltr'><strong>profectur</strong></span> <span class='ocrx_word' id='word_1_148' title='bbox 393 4063 434 4121; x_wconf 83' lang='lat' dir='ltr'><strong>ibi</strong></span> <span class='ocrx_word' id='word_1_149' title='bbox 456 4063 632 4139; x_wconf 73' lang='lat' dir='ltr'><strong>permultos</strong></span> <span class='ocrx_word' id='word_1_150' title='bbox 655 4082 745 4121; x_wconf 76' lang='lat' dir='ltr'><strong>aanor</strong></span> <span class='ocrx_word' id='word_1_151' title='bbox 768 4061 936 4121; x_wconf 76' lang='lat' dir='ltr'><strong>admirabili</strong></span> <span class='ocrx_word' id='word_1_152' title='bbox 958 4065 1084 4138; x_wconf 83' lang='lat' dir='ltr'><strong>quadam</strong></span> <span class='ocrx_word' id='word_1_153' title='bbox 1106 4064 1191 4122; x_wconf 78' lang='lat' dir='ltr'><strong>lande</strong></span> <span class='ocrx_word' id='word_1_154' title='bbox 1208 4066 1377 4139; x_wconf 82' lang='lat' dir='ltr'><strong>prouinciae</strong></span> <span class='ocrx_word' id='word_1_155' title='bbox 1395 4082 1480 4139; x_wconf 80' lang='lat' dir='ltr'><strong>prae·</strong></span> 
     </span>
     <span class='ocr_line' id='line_1_28' title="bbox 143 4161 1480 4242; baseline 0.004 -25"><span class='ocrx_word' id='word_1_156' title='bbox 143 4162 222 4233; x_wconf 61' lang='lat' dir='ltr'><strong>suin</strong></span> <span class='ocrx_word' id='word_1_157' title='bbox 244 4163 622 4242; x_wconf 76' lang='lat' dir='ltr'><strong>Drumanu4,121seq.).</strong></span> <span class='ocrx_word' id='word_1_158' title='bbox 657 4163 791 4225; x_wconf 85' lang='lat' dir='ltr'><strong>Similem</strong></span> <span class='ocrx_word' id='word_1_159' title='bbox 814 4163 932 4222; x_wconf 84' lang='lat' dir='ltr'><strong>titulum</strong></span> <span class='ocrx_word' id='word_1_160' title='bbox 955 4161 1166 4240; x_wconf 85' lang='lat' dir='ltr'><strong>Synnadensas</strong></span> <span class='ocrx_word' id='word_1_161' title='bbox 1189 4173 1354 4241; x_wconf 89' lang='lat' dir='ltr'><strong>posuerunt</strong></span> <span class='ocrx_word' id='word_1_162' title='bbox 1374 4165 1480 4241; x_wconf 83' lang='lat' dir='ltr'><strong>(Ram-</strong></span> 
     </span>
     <span class='ocr_line' id='line_1_29' title="bbox 152 4255 1480 4342; baseline 0.002 -23"><span class='ocrx_word' id='word_1_163' title='bbox 152 4277 211 4337; x_wconf 74' lang='lat' dir='ltr'><strong>say</strong></span> <span class='ocrx_word' id='word_1_164' title='bbox 230 4265 306 4324; x_wconf 85' lang='lat' dir='ltr'><strong>Bull.</strong></span> <span class='ocrx_word' id='word_1_165' title='bbox 330 4269 366 4324; x_wconf 83' lang='lat' dir='ltr'><strong>dc</strong></span> <span class='ocrx_word' id='word_1_166' title='bbox 387 4285 461 4324; x_wconf 84' lang='lat' dir='ltr'><strong>corr.</strong></span> <span class='ocrx_word' id='word_1_167' title='bbox 484 4266 584 4324; x_wconf 73' lang='lat' dir='ltr'><strong>letti</strong></span> <span class='ocrx_word' id='word_1_168' title='bbox 607 4285 636 4342; x_wconf 89' lang='lat' dir='ltr'><strong>p.</strong></span> <span class='ocrx_word' id='word_1_169' title='bbox 652 4265 742 4342; x_wconf 73' lang='lat'>297):</span> <span class='ocrx_word' id='word_1_170' title='bbox 771 4255 912 4341; x_wconf 79' lang='lat' dir='ltr'><strong>[A]sv&#39;mov</strong></span> <span class='ocrx_word' id='word_1_171' title='bbox 937 4257 1069 4323; x_wconf 65' lang='grc' dir='ltr'><strong><em>Λικίννιον</em></strong></span> <span class='ocrx_word' id='word_1_172' title='bbox 1095 4258 1212 4323; x_wconf 73' lang='grc' dir='ltr'><strong><em>Λουκίου</em></strong></span> <span class='ocrx_word' id='word_1_173' title='bbox 1240 4260 1298 4324; x_wconf 79' lang='lat' dir='ltr'><strong>ulio</strong></span> <span class='ocrx_word' id='word_1_174' title='bbox 1321 4257 1480 4324; x_wconf 74' lang='grc' dir='ltr'><strong><em>Λεύκολλον</em></strong></span> 
     </span>
     <span class='ocr_line' id='line_1_30' title="bbox 151 4357 1482 4450; baseline 0.006 -30"><span class='ocrx_word' id='word_1_175' title='bbox 151 4357 315 4428; x_wconf 73' lang='grc' dir='ltr'><strong><em>ἀποτομίαν</em></strong></span> <span class='ocrx_word' id='word_1_176' title='bbox 335 4371 471 4449; x_wconf 66' lang='lat' dir='ltr'><strong>rempotus</strong></span> <span class='ocrx_word' id='word_1_177' title='bbox 492 4358 539 4424; x_wconf 75' lang='lat' dir='ltr'><strong>uel</strong></span> <span class='ocrx_word' id='word_1_178' title='bbox 561 4358 715 4450; x_wconf 71' lang='grc' dir='ltr'><strong>ενέριγέτην.</strong></span> <span class='ocrx_word' id='word_1_179' title='bbox 732 4400 771 4410; x_wconf 91' lang='lat'>-</span> <span class='ocrx_word' id='word_1_180' title='bbox 795 4364 935 4426; x_wconf 79' lang='lat' dir='ltr'><strong>Ceterum</strong></span> <span class='ocrx_word' id='word_1_181' title='bbox 958 4375 1081 4444; x_wconf 89' lang='lat' dir='ltr'><strong>propter</strong></span> <span class='ocrx_word' id='word_1_182' title='bbox 1099 4377 1214 4427; x_wconf 84' lang='lat' dir='ltr'><strong>statuae</strong></span> <span class='ocrx_word' id='word_1_183' title='bbox 1229 4367 1299 4427; x_wconf 86' lang='lat' dir='ltr'><strong>Deli</strong></span> <span class='ocrx_word' id='word_1_184' title='bbox 1316 4387 1335 4426; x_wconf 91' lang='lat' dir='ltr'><strong>a</strong></span> <span class='ocrx_word' id='word_1_185' title='bbox 1349 4369 1482 4447; x_wconf 84' lang='lat' dir='ltr'><strong>negotia·</strong></span> 
     </span>
     <span class='ocr_line' id='line_1_31' title="bbox 153 4467 1482 4546; baseline 0.006 -26"><span class='ocrx_word' id='word_1_186' title='bbox 153 4467 267 4526; x_wconf 89' lang='lat' dir='ltr'><strong>toribus</strong></span> <span class='ocrx_word' id='word_1_187' title='bbox 281 4469 433 4528; x_wconf 84' lang='lat' dir='ltr'><strong>dedicatas</strong></span> <span class='ocrx_word' id='word_1_188' title='bbox 455 4469 681 4546; x_wconf 85' lang='lat' dir='ltr'><strong>magistratibus</strong></span> <span class='ocrx_word' id='word_1_189' title='bbox 697 4469 790 4528; x_wconf 85' lang='lat' dir='ltr'><strong>Asiae</strong></span> <span class='ocrx_word' id='word_1_190' title='bbox 811 4469 992 4546; x_wconf 86' lang='lat' dir='ltr'><strong>provinciae,</strong></span> <span class='ocrx_word' id='word_1_191' title='bbox 1015 4477 1047 4527; x_wconf 91' lang='lat' dir='ltr'><strong>ut</strong></span> <span class='ocrx_word' id='word_1_192' title='bbox 1061 4469 1135 4527; x_wconf 89' lang='lat' dir='ltr'><strong>haec</strong></span> <span class='ocrx_word' id='word_1_193' title='bbox 1150 4479 1198 4528; x_wconf 88' lang='lat' dir='ltr'><strong>est</strong></span> <span class='ocrx_word' id='word_1_194' title='bbox 1212 4481 1242 4530; x_wconf 93' lang='lat' dir='ltr'><strong>et</strong></span> <span class='ocrx_word' id='word_1_195' title='bbox 1256 4489 1333 4546; x_wconf 88' lang='lat' dir='ltr'><strong>quae</strong></span> <span class='ocrx_word' id='word_1_196' title='bbox 1349 4472 1482 4546; x_wconf 87' lang='lat' dir='ltr'><strong>sequitur</strong></span> 
     </span>
     <span class='ocr_line' id='line_1_32' title="bbox 156 4568 1481 4648; baseline 0.007 -27"><span class='ocrx_word' id='word_1_197' title='bbox 156 4574 189 4624; x_wconf 89' lang='lat' dir='ltr'><strong>et</strong></span> <span class='ocrx_word' id='word_1_198' title='bbox 209 4568 331 4630; x_wconf 84' lang='lat' dir='ltr'><strong>fortasse</strong></span> <span class='ocrx_word' id='word_1_199' title='bbox 353 4571 432 4648; x_wconf 88' lang='lat' dir='ltr'><strong>Eph.</strong></span> <span class='ocrx_word' id='word_1_200' title='bbox 447 4570 493 4628; x_wconf 88' lang='lat' dir='ltr'><strong>IV</strong></span> <span class='ocrx_word' id='word_1_201' title='bbox 515 4592 543 4640; x_wconf 85' lang='lat' dir='ltr'><strong>n.</strong></span> <span class='ocrx_word' id='word_1_202' title='bbox 560 4571 610 4644; x_wconf 79' lang='lat'><strong>77,</strong></span> <span class='ocrx_word' id='word_1_203' title='bbox 632 4571 716 4629; x_wconf 90' lang='lat' dir='ltr'><strong>nullo</strong></span> <span class='ocrx_word' id='word_1_204' title='bbox 738 4571 828 4629; x_wconf 88' lang='lat' dir='ltr'><strong>modo</strong></span> <span class='ocrx_word' id='word_1_205' title='bbox 850 4571 985 4647; x_wconf 84' lang='lat' dir='ltr'><strong>cogimur</strong></span> <span class='ocrx_word' id='word_1_206' title='bbox 1006 4571 1144 4630; x_wconf 87' lang='lat' dir='ltr'><strong>deserere</strong></span> <span class='ocrx_word' id='word_1_207' title='bbox 1161 4573 1366 4631; x_wconf 86' lang='lat' dir='ltr'><strong>auctoritatem</strong></span> <span class='ocrx_word' id='word_1_208' title='bbox 1381 4572 1481 4631; x_wconf 90' lang='lat' dir='ltr'><strong>Ptole-</strong></span> 
     </span>
     <span class='ocr_line' id='line_1_33' title="bbox 155 4671 1481 4750; baseline 0.005 -26"><span class='ocrx_word' id='word_1_209' title='bbox 155 4671 246 4740; x_wconf 83' lang='lat' dir='ltr'><strong>maei,</strong></span> <span class='ocrx_word' id='word_1_210' title='bbox 270 4673 323 4747; x_wconf 91' lang='lat' dir='ltr'><strong>qui</strong></span> <span class='ocrx_word' id='word_1_211' title='bbox 349 4674 396 4731; x_wconf 89' lang='lat' dir='ltr'><strong>cui</strong></span> <span class='ocrx_word' id='word_1_212' title='bbox 424 4673 596 4748; x_wconf 85' lang='lat' dir='ltr'><strong>provinciae</strong></span> <span class='ocrx_word' id='word_1_213' title='bbox 622 4673 738 4731; x_wconf 87' lang='lat' dir='ltr'><strong>insulae</strong></span> <span class='ocrx_word' id='word_1_214' title='bbox 764 4674 857 4732; x_wconf 87' lang='lat' dir='ltr'><strong>maris</strong></span> <span class='ocrx_word' id='word_1_215' title='bbox 885 4673 999 4750; x_wconf 82' lang='lat' dir='ltr'><strong>Aegaei</strong></span> <span class='ocrx_word' id='word_1_216' title='bbox 1026 4673 1186 4732; x_wconf 76' lang='lat' dir='ltr'><strong>attributae</strong></span> <span class='ocrx_word' id='word_1_217' title='bbox 1212 4684 1327 4746; x_wconf 81' lang='lat' dir='ltr'><strong>essent,</strong></span> <span class='ocrx_word' id='word_1_218' title='bbox 1357 4674 1481 4749; x_wconf 88' lang='lat' dir='ltr'><strong>reliquis</strong></span> 
     </span>
     <span class='ocr_line' id='line_1_34' title="bbox 158 4753 1481 4852; baseline 0.005 -27"><span class='ocrx_word' id='word_1_219' title='bbox 158 4773 316 4833; x_wconf 83' lang='lat' dir='ltr'><strong>accuratius</strong></span> <span class='ocrx_word' id='word_1_220' title='bbox 339 4785 485 4834; x_wconf 84' lang='lat' dir='ltr'><strong>executus</strong></span> <span class='ocrx_word' id='word_1_221' title='bbox 507 4783 563 4847; x_wconf 90' lang='lat' dir='ltr'><strong>est,</strong></span> <span class='ocrx_word' id='word_1_222' title='bbox 586 4773 734 4852; x_wconf 81' lang='lat' dir='ltr'><strong>Cyclades</strong></span> <span class='ocrx_word' id='word_1_223' title='bbox 756 4753 859 4834; x_wconf 80' lang='lat' dir='ltr'><strong>omnes</strong></span> <span class='ocrx_word' id='word_1_224' title='bbox 883 4773 921 4832; x_wconf 86' lang='lat' dir='ltr'><strong>ad</strong></span> <span class='ocrx_word' id='word_1_225' title='bbox 940 4775 1070 4832; x_wconf 88' lang='lat' dir='ltr'><strong>Tharam</strong></span> <span class='ocrx_word' id='word_1_226' title='bbox 1093 4791 1188 4851; x_wconf 90' lang='lat' dir='ltr'><strong>usque</strong></span> <span class='ocrx_word' id='word_1_227' title='bbox 1210 4785 1240 4833; x_wconf 91' lang='lat' dir='ltr'><strong>et</strong></span> <span class='ocrx_word' id='word_1_228' title='bbox 1253 4775 1374 4835; x_wconf 85' lang='lat' dir='ltr'><strong>Naxum</strong></span> <span class='ocrx_word' id='word_1_229' title='bbox 1399 4774 1481 4848; x_wconf 88' lang='lat' dir='ltr'><strong>(nam</strong></span> 
     </span>
     <span class='ocr_line' id='line_1_35' title="bbox 159 4872 1481 4954; baseline 0.003 -24"><span class='ocrx_word' id='word_1_230' title='bbox 159 4872 338 4951; x_wconf 76' lang='lat' dir='ltr'><strong>Astypalaea</strong></span> <span class='ocrx_word' id='word_1_231' title='bbox 370 4885 400 4935; x_wconf 91' lang='lat' dir='ltr'><strong>et</strong></span> <span class='ocrx_word' id='word_1_232' title='bbox 426 4878 577 4954; x_wconf 87' lang='lat' dir='ltr'><strong>Amorgus</strong></span> <span class='ocrx_word' id='word_1_233' title='bbox 604 4877 698 4934; x_wconf 86' lang='lat' dir='ltr'><strong>Asiae</strong></span> <span class='ocrx_word' id='word_1_234' title='bbox 732 4877 816 4952; x_wconf 89' lang='lat' dir='ltr'><strong>sunt)</strong></span> <span class='ocrx_word' id='word_1_235' title='bbox 850 4875 887 4934; x_wconf 84' lang='lat' dir='ltr'><strong>ad</strong></span> <span class='ocrx_word' id='word_1_236' title='bbox 914 4875 1058 4935; x_wconf 87' lang='lat' dir='ltr'><strong>Achaiam</strong></span> <span class='ocrx_word' id='word_1_237' title='bbox 1091 4878 1274 4952; x_wconf 85' lang='lat' dir='ltr'><strong>provinciam</strong></span> <span class='ocrx_word' id='word_1_238' title='bbox 1304 4877 1481 4948; x_wconf 86' lang='lat' dir='ltr'><strong>revocantis,</strong></span> 
     </span>
     <span class='ocr_line' id='line_1_36' title="bbox 163 4969 1482 5054; baseline 0.005 -25"><span class='ocrx_word' id='word_1_239' title='bbox 163 4969 276 5049; x_wconf 76' lang='lat' dir='ltr'><strong>scyrum</strong></span> <span class='ocrx_word' id='word_1_240' title='bbox 291 4977 491 5054; x_wconf 87' lang='lat' dir='ltr'><strong>Peparethum</strong></span> <span class='ocrx_word' id='word_1_241' title='bbox 508 4976 659 5038; x_wconf 86' lang='lat' dir='ltr'><strong>Sciathum</strong></span> <span class='ocrx_word' id='word_1_242' title='bbox 671 4977 817 5036; x_wconf 89' lang='lat' dir='ltr'><strong>Lemnum</strong></span> <span class='ocrx_word' id='word_1_243' title='bbox 833 4977 872 5035; x_wconf 90' lang='lat' dir='ltr'><strong>ad</strong></span> <span class='ocrx_word' id='word_1_244' title='bbox 886 4977 1102 5049; x_wconf 86' lang='lat' dir='ltr'><strong>Macedoniam,</strong></span> <span class='ocrx_word' id='word_1_245' title='bbox 1119 4978 1249 5037; x_wconf 88' lang='lat' dir='ltr'><strong>Imbrum</strong></span> <span class='ocrx_word' id='word_1_246' title='bbox 1267 4975 1482 5038; x_wconf 88' lang='lat' dir='ltr'><strong>Samothracen</strong></span> 
     </span>
     <span class='ocr_line' id='line_1_37' title="bbox 164 5070 1482 5157; baseline 0.006 -28"><span class='ocrx_word' id='word_1_247' title='bbox 164 5070 285 5136; x_wconf 86' lang='lat' dir='ltr'><strong>Thasum</strong></span> <span class='ocrx_word' id='word_1_248' title='bbox 312 5079 349 5138; x_wconf 85' lang='lat' dir='ltr'><strong>ad</strong></span> <span class='ocrx_word' id='word_1_249' title='bbox 371 5079 547 5150; x_wconf 84' lang='lat' dir='ltr'><strong>Thraciam,</strong></span> <span class='ocrx_word' id='word_1_250' title='bbox 574 5079 704 5155; x_wconf 87' lang='lat' dir='ltr'><strong>reliquas</strong></span> <span class='ocrx_word' id='word_1_251' title='bbox 731 5099 750 5137; x_wconf 88' lang='lat' dir='ltr'><strong>a</strong></span> <span class='ocrx_word' id='word_1_252' title='bbox 775 5079 885 5138; x_wconf 85' lang='lat' dir='ltr'><strong>Rhodo</strong></span> <span class='ocrx_word' id='word_1_253' title='bbox 912 5077 1064 5157; x_wconf 84' lang='lat' dir='ltr'><strong>Carpatho</strong></span> <span class='ocrx_word' id='word_1_254' title='bbox 1091 5077 1172 5138; x_wconf 83' lang='lat' dir='ltr'><strong>Caso</strong></span> <span class='ocrx_word' id='word_1_255' title='bbox 1198 5077 1416 5138; x_wconf 87' lang='lat' dir='ltr'><strong>ad·Tenedum</strong></span> <span class='ocrx_word' id='word_1_256' title='bbox 1444 5079 1482 5137; x_wconf 88' lang='lat' dir='ltr'><strong>ad</strong></span> 
     </span>
     <span class='ocr_line' id='line_1_38' title="bbox 165 5175 1482 5258; baseline 0.006 -26"><span class='ocrx_word' id='word_1_257' title='bbox 165 5175 272 5250; x_wconf 80' lang='lat' dir='ltr'><strong>Asiam3</strong></span> <span class='ocrx_word' id='word_1_258' title='bbox 292 5199 388 5258; x_wconf 88' lang='lat' dir='ltr'><strong>neque</strong></span> <span class='ocrx_word' id='word_1_259' title='bbox 409 5181 490 5240; x_wconf 90' lang='lat' dir='ltr'><strong>enim</strong></span> <span class='ocrx_word' id='word_1_260' title='bbox 512 5200 550 5239; x_wconf 85' lang='lat' dir='ltr'><strong>ex</strong></span> <span class='ocrx_word' id='word_1_261' title='bbox 566 5181 629 5240; x_wconf 85' lang='lat' dir='ltr'><strong>illia</strong></span> <span class='ocrx_word' id='word_1_262' title='bbox 643 5181 739 5239; x_wconf 89' lang='lat' dir='ltr'><strong>titulis</strong></span> <span class='ocrx_word' id='word_1_263' title='bbox 756 5181 882 5239; x_wconf 79' lang='lat' dir='ltr'><strong>efficitur</strong></span> <span class='ocrx_word' id='word_1_264' title='bbox 896 5181 1025 5239; x_wconf 89' lang='lat' dir='ltr'><strong>insulam</strong></span> <span class='ocrx_word' id='word_1_265' title='bbox 1040 5181 1079 5240; x_wconf 87' lang='lat' dir='ltr'><strong>iia</strong></span> <span class='ocrx_word' id='word_1_266' title='bbox 1094 5181 1317 5258; x_wconf 85' lang='lat' dir='ltr'><strong>magistratibus</strong></span> <span class='ocrx_word' id='word_1_267' title='bbox 1332 5180 1482 5256; x_wconf 87' lang='lat' dir='ltr'><strong>paruisse.</strong></span> 
     </span>
     <span class='ocr_line' id='line_1_39' title="bbox 167 5273 1483 5360; baseline 0.005 -28"><span class='ocrx_word' id='word_1_268' title='bbox 167 5273 334 5342; x_wconf 84' lang='lat' dir='ltr'><strong>Distributio</strong></span> <span class='ocrx_word' id='word_1_269' title='bbox 355 5284 430 5343; x_wconf 89' lang='lat' dir='ltr'><strong>haec</strong></span> <span class='ocrx_word' id='word_1_270' title='bbox 452 5283 617 5342; x_wconf 84' lang='lat' dir='ltr'><strong>insularum</strong></span> <span class='ocrx_word' id='word_1_271' title='bbox 640 5283 824 5360; x_wconf 89' lang='lat' dir='ltr'><strong>aliquantum</strong></span> <span class='ocrx_word' id='word_1_272' title='bbox 848 5291 964 5342; x_wconf 88' lang='lat' dir='ltr'><strong>mutata</strong></span> <span class='ocrx_word' id='word_1_273' title='bbox 984 5292 1032 5342; x_wconf 89' lang='lat' dir='ltr'><strong>est</strong></span> <span class='ocrx_word' id='word_1_274' title='bbox 1053 5283 1132 5343; x_wconf 87' lang='lat' dir='ltr'><strong>facta</strong></span> <span class='ocrx_word' id='word_1_275' title='bbox 1157 5285 1278 5344; x_wconf 87' lang='lat' dir='ltr'><strong>saeculo</strong></span> <span class='ocrx_word' id='word_1_276' title='bbox 1303 5281 1392 5342; x_wconf 86' lang='lat' dir='ltr'><strong>tertio</strong></span> <span class='ocrx_word' id='word_1_277' title='bbox 1414 5301 1483 5359; x_wconf 89' lang='lat' dir='ltr'><strong>pro·</strong></span> 
     </span>
    </p>
   </div>
   <div class='ocr_carea' id='block_1_12' title="bbox 1239 5402 1276 5463">
    <p class='ocr_par' dir='ltr' id='par_1_13' title="bbox 1239 5402 1276 5463">
     <span class='ocr_line' id='line_1_40' title="bbox 1239 5402 1276 5463; baseline 0 -30"><span class='ocrx_word' id='word_1_278' title='bbox 1239 5402 1276 5463; x_wconf 69' lang='lat'><strong>5.</strong></span> 
     </span>
    </p>
   </div>
   <div class='ocr_carea' id='block_1_13' title="bbox 0 0 1796 5932">
    <p class='ocr_par' dir='ltr' id='par_1_14' title="bbox 0 0 1796 5932">
     <span class='ocr_line' id='line_1_41' title="bbox 0 0 1796 5932; baseline 0 0"><span class='ocrx_word' id='word_1_279' title='bbox 0 0 1796 5932; x_wconf 95' lang='lat' dir='ltr'><strong> </strong></span> 
     </span>
    </p>
   </div>
  </div>
 </body>
</html>
