3348 5926
392 627 692 681 oesnnvnrrouas
719 628 1003 680 antonnenmnr.
1289 607 1360 680 643

47 807 161 866 minutas
184 803 334 880 sportulas
357 789 491 879 flagitare
519 798 653 880 (χαλκδν
674 797 765 887 aripret
792 794 897 886 με’τριον
922 795 970 861 καὶ
997 797 1120 884 mimda
1148 793 1363 884 εἰσπράττουσιν

47 902 76 986 ἐξ
95 899 249 989 ἁκερμιάς),
277 906 330 965 sed
353 906 441 964 ctiam
463 907 596 966 chartam
617 906 779 984 pessimam
801 907 943 982 praebere
967 899 1087 990 (χόρτον
1120 939 1161 950 -
1194 906 1294 964 fenum
1323 936 1364 948 -

46 1000 97 1066 ivel
121 1000 233 1090 χάρτου
256 998 405 1090 γράμμασι
428 999 553 1084 drusiacus
573 998 621 1066 uui
642 1001 739 1065 πενίαν
761 994 873 1080 ἕξουσιν
895 1003 1061 1084 ἐκδιδοῦσι).
1098 1008 1234 1068 Eiulanti
1256 1026 1363 1083 excep·

44 1113 94 1170 tori
115 1112 163 1188 qui
183 1111 240 1169 fuit
262 1117 292 1168 et
313 1111 456 1187 temporis
479 1112 537 1169 acti
560 1111 608 1169 vel
630 1111 730 1188 potius
753 1111 953 1188 sportularum
975 1119 1146 1170 erectarum
1162 1111 1364 1169 laudatorius

44 1214 120 1271 iidem
141 1213 260 1284 habeas,
282 1212 409 1271 edictum
433 1212 604 1272 Marisciani
627 1214 754 1272 ostendit
778 1232 830 1288 per
853 1213 912 1270 duo
935 1222 1014 1272 certe
1037 1213 1159 1272 saecula
1180 1221 1248 1272 aute
1269 1212 1363 1270 canti·

44 1314 116 1372 lenes
142 1315 208 1373 illae
238 1315 367 1392 scriptas
390 1317 559 1374 chartarum
584 1316 718 1390 partibus
741 1316 917 1374 traditarum
944 1317 981 1374 ab
1005 1317 1214 1392 exceptoribus
1237 1314 1363 1390 pretinm

45 1429 169 1474 exactum
191 1435 269 1476 csse.
293 1449 330 1460 ·-
358 1417 482 1476 Chartae
502 1421 624 1476 maiores
647 1427 678 1475 ut
700 1420 756 1475 hoc
778 1418 842 1476 loco
865 1426 977 1476 certam
1000 1435 1093 1494 genus
1118 1417 1297 1496 significant,
1322 1417 1365 1475 ita

44 1519 111 1594 apud
133 1509 297 1577 Martialem
323 1520 374 1592 14,
402 1521 501 1577 10.11
527 1521 603 1579 inter
625 1520 684 1578 alia
706 1539 784 1596 quae
806 1520 847 1578 ibi
869 1520 1018 1578 alternant
1044 1521 1170 1578 meliora
1199 1531 1228 1577 et
1255 1519 1364 1576 viliora

44 1620 94 1678 duo
115 1639 230 1697 quoque
253 1639 362 1697 genera
384 1622 554 1680 chartarum
576 1623 660 1680 iuxta
683 1632 833 1698 ponuntur
855 1627 976 1681 maiores
1004 1630 1034 1681 et
1061 1623 1238 1698 epistulares.
1281 1619 1364 1679 Lati·

44 1722 104 1780 tndo
126 1725 252 1800 paginae
275 1743 342 1781 cum
365 1725 394 1782 in
417 1725 540 1801 papyris
562 1725 603 1782 ita
626 1724 755 1794 differat,
779 1733 810 1782 ut
831 1725 890 1782 duo
914 1743 1023 1801 genera
1045 1725 1111 1782 sola
1133 1743 1186 1800 per
1205 1743 1271 1782 eam
1287 1723 1364 1782 ellici

42 1834 191 1899 nequeant,
225 1826 333 1902 papyri
359 1835 457 1883 autem
487 1845 563 1902 quae
589 1835 751 1904 supersunt
776 1827 854 1884 altae
882 1827 940 1885 sint
972 1835 1023 1884 aut
1054 1837 1129 1884 cent.
1151 1825 1282 1884 20-25
1312 1833 1365 1883 aut

42 1937 108 1984 cent.
126 1924 296 2002 30-35¹)‚
325 1935 406 1986 recte
428 1929 657 2006 appellabuntur
679 1929 806 1987 minores
829 1929 909 1999 illae,
932 1929 988 1986 hae
1010 1929 1149 1987 maiores.
1194 1928 1229 1986 In
1252 1927 1365 2004 generi·

41 2027 90 2084 bns
110 2029 271 2106 pretiisque
292 2048 473 2106 papyrorum
497 2049 678 2108 quamquam
705 2041 841 2089 auctores
868 2031 905 2088 ad
932 2031 1120 2089 latitudinem
1148 2031 1245 2088 solam
1272 2039 1365 2088 atten-

41 2129 114 2202 dunt,
136 2133 213 2190 ratio
236 2133 370 2207 requirit,
401 2139 433 2188 ut
456 2133 621 2190 altitudinis
643 2151 761 2208 quoque
784 2132 943 2192 diversitas
965 2141 1025 2192 tam
1048 2133 1085 2190 ad
1109 2133 1254 2191 vocabula
1274 2149 1364 2208 quam

40 2232 72 2288 ad
94 2235 188 2308 pretia
210 2251 269 2290 non
290 2234 389 2291 minus
411 2235 597 2311 pertinuerit.

76 2333 216 2394 Venimus
243 2334 282 2392 ad
307 2335 436 2393 libellos.
487 2335 671 2396 Libellensis
700 2355 766 2395 cum
793 2337 872 2394 idem
899 2345 927 2396 et
954 2337 1233 2396 subscribendarius
1264 2337 1366 2414 appel-

40 2435 108 2494 letur
128 2447 157 2496 et
178 2436 461 2512 regerendarius2)‚
490 2440 611 2498 omnino
634 2439 663 2497 id
686 2439 875 2516 potissimam
898 2448 995 2510 curat,
1024 2447 1056 2497 nt
1077 2439 1186 2498 libellis
1209 2456 1283 2514 quos
1306 2439 1366 2514 pri-

40 2540 93 2596 vati
118 2539 305 2615 magistratui
334 2540 454 2598 tradunt
482 2542 650 2599 subscribat
676 2559 708 2599 se
734 2559 786 2598 eos
813 2542 966 2616 accepisse
993 2541 1042 2600 die
1068 2541 1138 2612 illo;
1172 2551 1202 2598 et
1228 2542 1367 2599 convenit

39 2641 146 2698 modica
166 2641 294 2700 duorum
316 2641 482 2700 modiorum
505 2643 535 2701 in
559 2661 616 2701 uno
639 2643 741 2701 libello
765 2643 929 2702 retributio.
980 2642 1048 2701 Hoc
1074 2661 1145 2700 cave
1173 2651 1288 2701 statuas
1316 2645 1366 2718 qni

39 2741 102 2800 haec
122 2743 244 2818 scripsit
264 2743 441 2802 indiciorum
463 2763 529 2803 enm
556 2745 616 2802 duo
642 2763 751 2822 genera
776 2745 960 2821 distinguere
987 2745 1131 2818 voluisse,
1162 2746 1287 2803 alterum
1315 2763 1368 2819 per

38 2845 275 2918 postulationem,
304 2864 381 2921 quae
403 2846 503 2906 verbis
525 2847 559 2904 iit
581 2847 661 2924 apnd
684 2855 750 2906 acta
771 2854 874 2905 orante
902 2848 1062 2920 advocato,
1090 2847 1237 2906 scribente
1259 2865 1367 2922 exeep-

39 2955 104 3018 tore,
127 2948 255 3007 alterum
278 2967 331 3024 per
352 2948 486 3006 libellum
510 2949 651 3025 scriptum
675 2969 693 3006 a
714 2950 832 3026 privato
855 2949 987 3024 praesidi
1009 2949 1170 3008 exhibitum
1194 2958 1223 3006 et
1245 2969 1263 3008 a
1284 2949 1367 3008 libel·

39 3047 108 3108 lensi
130 3049 339 3126 subscriptum.
383 3049 462 3108 Nara
485 3051 561 3109 hanc
582 3051 682 3110 indicii
706 3051 863 3110 ordinandi
889 3053 1016 3110 formam
1044 3071 1112 3110 cum
1140 3061 1257 3110 constet
1277 3051 1368 3109 Insti-

40 3151 112 3210 niani
138 3161 273 3226 tempore
305 3152 526 3228 obtinuisse³)‚
559 3153 597 3210 ad
625 3153 733 3212 iuliani
763 3165 890 3212 aetatem
918 3173 988 3211 num
1019 3154 1184 3213 adscendet
1210 3153 1369 3212 admodum

40 3251 152 3312 dubium
178 3263 234 3324 est,
261 3263 292 3311 et
313 3254 441 3312 edictum
463 3255 494 3312 id
517 3262 548 3313 ut
570 3263 737 3314 statuamus
760 3256 843 3313 nullo
866 3257 954 3314 modo
977 3255 1064 3331 cogit.
1117 3254 1196 3316 Sane
1215 3255 1369 3314 Mariscia·

39 3371 89 3412 nus
111 3357 163 3414 vix
187 3355 330 3432 cogitavit
352 3356 388 3413 de
411 3356 519 3415 libellis
540 3358 572 3416 in
594 3358 763 3416 universnm
787 3357 919 3432 praesidi
947 3357 1103 3428 exhibitis,
1134 3358 1185 3416 sed
1211 3359 1268 3416 hoc
1296 3375 1370 3432 quo·

39 3475 90 3530 que
111 3463 204 3534 caput
225 3468 256 3515 at
279 3457 394 3533 reliqua
416 3459 517 3516 omnia
544 3459 581 3516 ad
609 3459 675 3517 lites
703 3461 835 3535 privatae
862 3461 1003 3536 pertinet3
1032 3465 1063 3516 at
1090 3459 1180 3516 etiam
1206 3459 1369 3516 secundum

38 3563 225 3618 vetustiorem
248 3559 372 3619 formam
396 3579 497 3619 earnm
520 3579 578 3618 non
601 3580 669 3618 raro
692 3561 786 3618 libelli
810 3562 977 3619 offeruntur
1003 3559 1148 3636 praesidi,
1177 3568 1209 3617 ut
1236 3560 1369 3635 appella-

38 3663 98 3718 torii
122 3671 151 3720 et
173 3663 355 3735 refutatorii,
382 3681 476 3739 neque
499 3663 659 3741 quicquam
683 3663 818 3739 impedit,
844 3663 1002 3739 quominus
1024 3663 1060 3720 de
1082 3662 1129 3719 his
1152 3669 1255 3720 auctor
1281 3660 1370 3719 edicti

38 3763 181 3840 cogitarit.

115 3867 225 3925 Restat
247 3867 449 3942 sportularum
472 3867 606 3926 definitio
630 3886 688 3926 non
706 3868 886 3945 pecuniaria,
911 3866 964 3926 sed
980 3865 1184 3938 frumentaria,
1208 3865 1304 3940 primo
1319 3865 1370 3924 ad·

37 3975 135 4040 spectu
158 3967 238 4026 mira
258 3988 312 4027 nec
334 3969 451 4028 rediens
479 3969 557 4044 quod
585 3971 676 4028 sciam
704 3971 735 4026 in
761 3969 821 4027 allo
849 3969 1028 4027 documento
1057 3967 1161 4041 simili,
1191 3967 1243 4026 sed
1271 3987 1370 4025 reram

37 4070 203 4128 condicioni
226 4088 302 4146 quae
324 4079 387 4128 tum
414 4071 472 4129 fuit
500 4071 677 4148 legibusque
705 4072 792 4148 plane
820 4071 1011 4130 conveniens.
1060 4071 1226 4146 Postquam
1253 4071 1372 4129 labente

91 4299 114 4361 ¹)
134 4299 194 4350 Birt
213 4299 261 4350 dur
280 4300 364 4351 aatilce
376 4299 528 4352 Buehweseu
548 4319 572 4368 p.
589 4305 651 4354 272.
683 4303 756 4354 Idem
775 4303 814 4353 vir
834 4303 922 4354 doctus
942 4309 1085 4369 opportune
1104 4303 1238 4354 admonuit
1257 4317 1298 4352 me
1318 4303 1372 4367 epi-

36 4401 207 4455 grammatum
227 4394 354 4444 Martialis
374 4409 451 4459 snpra
470 4396 655 4461 adlegatornm,
675 4397 707 4444 de
728 4396 819 4461 quibus
839 4397 894 4460 ipse
914 4397 965 4461 egit
983 4396 1001 4445 l.
1015 4413 1036 4445 c.
1056 4411 1082 4462 p.
1096 4394 1140 4444 74.
1410 4457 1416 4464 ,

91 4481 115 4546 ²)
135 4485 423 4552 Retinens-uotiua
441 4485 610 4554 Cirilproeess
630 4487 645 4536 3
666 4503 691 4552 p.
709 4487 768 4538 153.
800 4489 827 4538 Is
845 4503 898 4538 non
918 4488 993 4538 rideo
1014 4503 1058 4537 cnr
1076 4487 1154 4538 fidem
1171 4493 1245 4551 neget
1256 4487 1372 4537 Notitiae

37 4575 190 4640 dignitatum
216 4577 259 4630 Or.
274 4579 317 4640 37,
332 4574 374 4628 ’50
397 4579 456 4629 duci
475 4580 590 4630 Arabiae
614 4579 762 4629 attribuenti
787 4596 804 4628 a
830 4577 925 4630 libeliis
951 4581 1003 4630 siue
1027 4578 1245 4646 reyerendariam3
1275 4579 1374 4628 accedit

37 4669 104 4730 quod
123 4671 190 4719 nnlli
210 4671 368 4735 magistratui
381 4671 483 4721 Notitia
501 4672 590 4721 tribuit
608 4679 661 4720 tam
680 4671 839 4721 libellensem
859 4687 936 4736 quarn
955 4671 1170 4736 regerendarium,
1190 4670 1234 4719 sed
1248 4670 1292 4719 nbi
1305 4671 1372 4720 hanc

36 4763 116 4822 ponit,
137 4761 166 4810 id
187 4763 254 4826 quod
274 4763 336 4812 lacit
354 4763 536 4828 inpraesenti
556 4765 686 4828 praetorio
706 4771 730 4814 et
749 4764 819 4814 urhis
837 4769 862 4813 et
875 4765 902 4814 in
915 4765 1043 4828 magistris
1056 4763 1174 4825 militum,
1194 4762 1310 4825 ducibus,
1331 4777 1373 4812 co·

37 4851 141 4903 mitibus
162 4855 274 4918 partium
294 4855 448 4918 Occidentis,
468 4857 503 4905 ibi
523 4857 609 4906 delicit
628 4857 672 4921 qui
691 4863 729 4906 est
748 4871 763 4906 a
782 4854 884 4904 libellis.

93 4941 118 5004 3)
139 4943 427 5012 Bethmann·Hollweg
446 4949 463 4997 l.
478 4965 499 4996 c.
519 4963 544 5012 p.
562 4949 621 4998 198.
643 4949 704 4998 213.
754 4948 804 4997 111ο
823 4949 880 4997 loco
904 4961 969 5011 qnae
995 4947 1146 5011 adlegantnr
1168 4962 1200 4997 ex
1221 4952 1305 4997 astate
1328 4963 1372 4998 an-

38 5037 133 5085 teriore
154 5039 288 5103 exempla,
313 5041 356 5088 vix
376 5047 444 5090 recte
463 5041 512 5090 hnc
532 5041 681 5102 trahuntur3
710 5041 822 5104 exempli
843 5055 920 5090 cansa
939 5039 1086 5088 constitutio
1106 5053 1130 5088 a.
1144 5041 1197 5089 412
1218 5039 1371 5100 C.Th.13,

38 5129 80 5189 10,
95 5129 111 5178 6
128 5147 164 5170 =
180 5129 378 5193 c.1ust.11,6‚
394 5133 409 5182 5
430 5134 574 5197 cognitores
593 5147 738 5182 memorans
759 5130 841 5181 libelli
859 5129 960 5180 datione
980 5129 1021 5180 cel
1034 5129 1161 5197 planaria
1174 5132 1373 5198 interpellatione

37 5221 213 5284 commonitos,
238 5239 290 5273 non
310 5225 363 5288 agit
382 5225 413 5274 de
431 5225 477 5274 lite
496 5226 610 5289 privata,
635 5225 681 5276 sed
700 5225 732 5275 dc
752 5225 853 5288 publico
872 5224 959 5288 aliquo
978 5223 1074 5273 iudicio
1095 5223 1127 5272 ob
1146 5237 1239 5274 navem
1259 5224 1373 5274 submer-

36 5325 100 5360 sam.
