3444 5932
311 579 381 652 146
888 597 1070 654 uounsuu

309 771 363 830 sed
390 771 544 850 proximus
566 773 606 845 ei,
635 777 668 829 ut
694 779 725 830 et
745 772 815 830 vitis
843 771 961 848 insigne
983 773 1103 848 utrique
1125 789 1280 830 commuue
1302 770 1343 828 sit
1367 777 1398 828 et
1419 770 1496 828 adeo
1518 770 1640 828 abusive

308 873 375 950 ipse
401 875 535 933 centurio
563 870 779 950 appelletur1).
815 905 853 916 —-
889 871 1044 950 Stipendia
1070 890 1190 950 quoque
1212 872 1260 929 vel
1288 871 1388 946 potius
1414 870 1528 930 salaria
1556 871 1639 944 (nam

309 975 525 1050 stipendiorum
546 975 722 1034 vocabulum
745 977 861 1034 evocati
884 973 1009 1051 evitant)
1032 975 1069 1032 ad
1093 973 1295 1032 centurionica
1316 973 1453 1049 proxime
1476 973 1641 1030 accessisse

307 1075 434 1134 dubitari
456 1096 516 1136 non
538 1085 645 1152 potest.
673 1109 711 1118 -
738 1073 799 1134 Pro
820 1076 953 1154 praemio
976 1075 1096 1134 militari
1118 1085 1242 1134 evocato
1269 1075 1356 1132 datur
1380 1091 1495 1132 corona
1511 1071 1640 1148 aurea²)

308 1178 421 1254 pariter
436 1187 525 1254 atque
545 1178 710 1236 centurioni
718 1197 726 1248 3
749 1179 900 1253 torquium
924 1177 1108 1236 armillarum
1131 1177 1332 1254 phalerarum,
1356 1175 1421 1233 sine
1443 1175 1554 1250 quibus
1577 1193 1643 1234 cen·

308 1279 418 1337 turioni
441 1297 551 1338 corona
565 1280 631 1338 dari
651 1297 711 1336 non
735 1275 860 1350 solebat,
883 1280 913 1337 in
933 1279 1067 1336 evocatis
1090 1278 1259 1352 exemplum
1282 1277 1396 1334 nullum
1418 1277 1536 1347 inveui3
1559 1278 1642 1334 cuius

307 1379 492 1439 differentiae
513 1398 607 1438 eausa
628 1379 705 1438 inira
728 1381 935 1458 explicabitur.
954 1412 992 1422 -
1016 1377 1133 1456 Corpus
1153 1378 1270 1436 evocati
1293 1377 1456 1436 effecerunt
1476 1379 1642 1454 proprium,

305 1472 439 1550 σύστημα
460 1472 544 1549 iduor,
570 1491 603 1539 ut
630 1481 739 1540 diserte
766 1481 808 1540 ait
829 1481 905 1553 Dio,
935 1482 1151 1556 confirmatque
1174 1489 1278 1538 auctor
1299 1479 1336 1536 de
1357 1479 1465 1536 castris
1494 1479 1642 1536 metandis

308 1581 367 1640 ob
391 1583 522 1641 evocatis
549 1583 579 1640 in
607 1583 754 1658 pedatura
775 1583 894 1658 quidem
918 1583 1081 1641 cohortium
1110 1581 1323 1657 praetoriarum
1347 1581 1446 1638 locum
1469 1580 1642 1656 adsignans,

306 1684 358 1742 sed
382 1694 414 1742 ut
436 1684 505 1742 iteru
530 1693 674 1760 appareat
695 1701 747 1742 eos
762 1685 800 1744 iis
818 1685 883 1742 iure
898 1701 955 1742 non
971 1683 1193 1760 comprehendi.
1226 1681 1393 1742 Confirmat
1407 1681 1539 1758 denique
1563 1701 1643 1758 egre·

305 1785 353 1860 gie
373 1782 690 1856 titulusC.Vl,1009
712 1785 751 1842 M.
769 1785 893 1844 Aurelio
909 1783 1032 1844 Caesari
1055 1793 1116 1842 tum
1140 1783 1292 1842 dedicatus
1315 1785 1352 1842 ab
1371 1783 1505 1842 exercitu
1528 1783 1644 1841 urbano

305 1886 414 1944 civium
436 1885 651 1957 Rornanorum,
678 1886 728 1944 ubi
750 1890 859 1946 euocati
880 1903 935 1944 suo
958 1887 1025 1945 loco
1047 1885 1230 1944 collocantur
1252 1892 1322 1962 post
1344 1884 1536 1944 centuriones
1557 1903 1642 1960 prae·

305 1987 440 2045 turianos
463 1993 493 2044 et
514 1988 643 2046 urbanos
672 1996 701 2046 et
724 1997 881 2060 staturum,
912 1997 980 2045 ante
1008 1987 1119 2046 milites
1146 1985 1370 2044 centurionibus
1398 1986 1461 2044 illis
1490 1995 1643 2061 parentes.

307 2086 365 2160 Qui
389 2089 508 2146 obstare
528 2089 704 2146 videbantur
726 2089 861 2148 laterculi
884 2089 1051 2148 cohortium
1074 2089 1289 2164 praetoriarum
1312 2094 1343 2146 et
1364 2089 1545 2146 urbanarum
1568 2107 1643 2146 euu-

305 2195 453 2248 merantes
475 2191 553 2247 inter
567 2190 698 2265 reliquos
716 2190 824 2248 milites
840 2199 989 2260 evocatos,
1013 2198 1154 2265 tauquam
1177 2189 1285 2266 stipsi
1308 2190 1421 2265 pariter
1435 2197 1525 2264 atque
1548 2189 1644 2266 sigui·

305 2290 358 2347 leri
386 2299 415 2348 et
440 2291 576 2364 optiones
602 2292 634 2349 in
663 2292 737 2366 ipsis
765 2293 940 2350 cohortibus
967 2291 1137 2362 militensi,
1165 2291 1202 2350 ab
1226 2291 1263 2349 iis
1289 2291 1348 2348 iam
1372 2290 1562 2349 Burmannus
1585 2309 1644 2348 nos

303 2391 455 2464 liberavit,
482 2399 645 2468 postquam
672 2393 703 2450 in
725 2393 781 2450 hac
802 2392 1001 2470 Ephemeride
1015 2391 1061 2450 1v
1085 2411 1113 2467 p.
1131 2391 1189 2450 311
1213 2392 1331 2470 egregie
1354 2391 1455 2450 docuit
1475 2391 1641 2450 laterculos

303 2511 356 2550 eos
379 2503 459 2550 certe
485 2493 645 2568 plerosque
667 2505 802 2570 spectare
836 2494 873 2550 ad
901 2493 1072 2552 missionem
1086 2492 1132 2568 ³);
1166 2495 1209 2550 ita
1235 2494 1312 2552 enim
1339 2493 1365 2551 si
1398 2493 1451 2568 qui
1479 2511 1535 2567 pro
1567 2493 1642 2550 mis-

304 2594 387 2651 sione
409 2593 446 2652 ad
469 2594 603 2651 militiam
626 2595 768 2652 maiorem
790 2595 971 2668 transibant,
1001 2613 1065 2654 eam
1089 2603 1321 2654 cousentaneum
1343 2606 1389 2653 est
1416 2607 1446 2652 et
1467 2595 1565 2670 ipsam
1590 2595 1642 2652 ad-

304 2695 444 2768 scriptam
467 2711 548 2766 esse,
575 2695 816 2772 intellegiturque
837 2697 895 2754 iarn
919 2715 977 2755 non
1000 2697 1097 2756 solum
1120 2715 1171 2754 cur
1194 2697 1329 2755 evocatio
1352 2696 1381 2752 in
1404 2696 1443 2752 iis
1465 2694 1641 2772 diligentius

302 2795 470 2871 perscripta
502 2813 569 2854 esse
594 2797 731 2855 videatur
758 2816 847 2874 quam
874 2798 975 2856 officia
1001 2797 1264 2874 principalium4),
1292 2797 1345 2856 sed
1373 2798 1463 2855 etiam
1490 2815 1546 2853 cur
1571 2816 1642 2854 cen-

303 2897 470 2954 turionatus
493 2895 674 2972 legionarius
701 2899 838 2957 similiter
859 2899 1028 2974 adscriptus
1050 2898 1264 2972 inveniaturt).
1310 2898 1405 2974 quue
1419 2898 1520 2972 ipsum
1535 2915 1640 2973 quam·

302 3016 391 3073 quarn
420 2997 572 3056 intervidit
598 3007 627 3056 et
653 3000 872 3073 quodammodo
900 3001 1052 3078 praecepit
1081 2997 1266 3058 Schmidtius
1293 3018 1323 3074 p.
1345 3001 1419 3070 351,
1446 2999 1571 3056 invento
1604 3000 1641 3056 ad

303 3099 382 3156 hunc
404 3099 576 3175 scrupulum
599 3099 788 3158 eximendum
811 3121 871 3159 non
893 3109 940 3158 est
962 3118 1046 3160 usus.
1083 3099 1173 3173 Quod
1194 3118 1242 3159 res
1264 3099 1389 3176 requirit
1409 3107 1440 3157 et
1457 3119 1529 3158 vere
1551 3100 1641 3158 aliter

302 3217 450 3258 essenon
473 3199 582 3274 potuit,
612 3211 646 3259 ut
666 3203 781 3260 evocati
805 3221 842 3260 ex
864 3201 996 3278 antiquis
1019 3202 1150 3260 numeris
1173 3201 1348 3260 tollerentur
1369 3201 1485 3260 redacti
1507 3202 1545 3259 ad
1568 3219 1640 3276 pro·
1720 3267 1721 3270 1

305 3385 509 3393 —--—-.-...—-

361 3505 383 3567 ¹)
404 3507 476 3558 Haec
495 3510 583 3559 omnia
601 3517 669 3559 recte
686 3510 843 3562 Schmidtius
863 3527 887 3575 p.
904 3511 954 3561 341
977 3511 1105 3574 exposuit,
1134 3512 1184 3561 nisi
1203 3511 1273 3576 quod
1292 3511 1385 3575 patu
1406 3511 1450 3572 (ci.
1470 3509 1579 3576 psas)
1611 3513 1637 3561 in

302 3599 376 3647 titulo
396 3599 443 3660 VI,
460 3599 544 3651 2662:
570 3599 689 3651 Valerius
711 3601 735 3650 Τ
733 3617 811 3652 auras
828 3602 899 3652 miles
918 3604 996 3652 conia
1010 3599 1066 3652 VII
1079 3603 1190 3670 pretoriis
1208 3603 1319 3653 certano
1344 3609 1461 3652 woculus
1484 3605 1554 3654 iusto
1578 3619 1639 3669 pro·

300 3689 422 3739 sundiora
440 3693 573 3754 quaesivit,
594 3709 651 3743 curn
670 3701 757 3757 aperte
777 3694 855 3743 homo
875 3696 1006 3744 notionutu
1026 3691 1157 3744 Paeonius
1175 3695 1308 3744 balbutiat

360 3780 384 3842 ²)
405 3783 510 3832 Heuzen
530 3785 610 3834 6767.
653 3787 781 3835 Evocatus
799 3787 911 3850 Augusti
931 3785 1003 3835 donas
1023 3785 1131 3836 donatus
1150 3784 1189 3834 bis
1207 3803 1302 3837 corona
1320 3803 1400 3836 aurea
1419 3786 1550 3853 torquibus
1569 3787 1638 3854 pdu-
1719 3819 1720 3840 1

301 3871 362 3921 Ieria
381 3874 490 3922 orririllis
510 3873 539 3922 ob
559 3874 697 3942 triumphos
717 3875 777 3926 delli
789 3875 883 3927 Dorici
901 3879 1044 3928 aTrsiunu
1064 3877 1104 3938 (Ο.
1119 3878 1169 3938 111,
1184 3878 1267 3939 6359)
1288 3880 1344 3928 sine
1362 3879 1442 3930 dubio
1462 3881 1550 3943 priore
1569 3879 1638 3928 bello
1719 3897 1720 3908 ¹

298 3962 397 4012 Dacico
416 3967 527 4030 gregalis
546 3984 646 4018 merens
665 3969 775 4018 donatus
794 3976 831 4018 est
850 3970 984 4033 torquibus
1004 3969 1116 4033 phaleris
1141 3971 1257 4032 armillis,
1278 3971 1358 4020 altero
1381 3977 1504 4022 evocatus
1526 3973 1638 4022 donatus

301 4069 396 4104 corona
415 4071 501 4106 aurea.

358 4143 382 4206 ³)
402 4147 590 4199 Difficultatem
608 4151 707 4202 faciunt
726 4153 791 4201 tituli
813 4152 864 4202 duo
884 4152 976 4216 pariles
1000 4153 1093 4214 C.V1,
1114 4155 1175 4203 212.
1192 4153 1253 4216 213,
1283 4169 1347 4219 quos
1365 4167 1388 4204 a.
1403 4157 1454 4205 181
1475 4155 1558 4220 geniis
1577 4169 1637 4204 cen·

299 4237 423 4287 turiurum
444 4239 552 4290 duarum
571 4243 794 4305 praetorianarum
813 4244 997 4294 dedicaverunt
1016 4231 1146 4308 centurio,
1167 4247 1224 4296 item
1244 4247 1343 4296 euocati
1360 4253 1384 4296 et
1402 4245 1506 4306 militm,
1527 4259 1636 4310 quorum
1718 4279 1719 4316 3

298 4329 405 4378 nomina
418 4331 548 4396 adscripta
561 4347 615 4383 esse
630 4335 756 4397 dicuntur,
768 4337 819 4385 iam
833 4351 894 4386 vero
908 4337 1094 4387 desiderantur.
1120 4339 1173 4388 Eos
1182 4339 1345 4389 Bormanuus
1364 4337 1384 4386 l.
1394 4353 1417 4387 c.
1431 4353 1459 4402 p.
1471 4336 1526 4388 310
1540 4337 1636 4388 rettulit
1718 4317 1719 4336 ¹

298 4420 332 4469 ad
351 4421 446 4470 milites
466 4424 509 4486 qui
528 4431 582 4474 tum
602 4425 628 4474 in
649 4441 679 4475 ea
698 4429 814 4476 centuria
833 4435 917 4477 essent
936 4443 1033 4489 omues,
1053 4429 1131 4494 idque
1149 4427 1250 4494 flagitat
1269 4435 1371 4495 praeter
1391 4429 1471 4478 verba
1487 4427 1637 4492 ipsaetianr
1718 4419 1719 4500 1

298 4513 359 4561 anni
379 4514 531 4577 imparilitas
551 4515 595 4579 (ci.
614 4515 746 4568 Burmann
766 4519 783 4569 1.
798 4535 820 4568 c.
839 4537 864 4583 p.
882 4518 959 4582 31s);
988 4521 1033 4569 sed
1057 4521 1094 4570 ita
1117 4523 1217 4572 evocati
1241 4535 1342 4586 quoque
1366 4521 1400 4571 ad
1424 4521 1553 4594 centurias
1576 4519 1636 4568 illas
1718 4527 1719 4542 ¹

297 4605 460 4668 rediguntur,
490 4607 516 4656 in
536 4607 628 4671 quibus
647 4611 776 4659 numerari
796 4611 848 4660 iam
868 4611 1005 4661 desierant.
1049 4615 1086 4662 At
1105 4619 1190 4677 potest
1207 4613 1359 4677 responderi
1378 4613 1485 4672 milites,
1514 4611 1557 4677 qui
1575 4625 1636 4660 cen·
1718 4589 1719 4627 1

298 4697 380 4746 turias
399 4698 454 4747 eius
473 4697 536 4747 olim
555 4699 663 4750 fuissent
683 4709 708 4749 et
727 4701 764 4750 ita
783 4715 815 4750 ex
834 4717 866 4752 ea
885 4705 1024 4765 exiissent,
1045 4711 1073 4754 ut
1091 4719 1176 4769 neque
1194 4706 1306 4754 militare
1325 4705 1473 4754 desinerent
1491 4718 1572 4768 neque
1590 4717 1636 4752 ur·

296 4788 354 4838 bem
375 4789 560 4854 relinquerent,
590 4807 643 4841 non
668 4793 778 4843 absurde
801 4794 827 4844 in
847 4811 875 4845 rs
895 4811 968 4846 sacra
993 4796 1026 4846 ad
1049 4796 1144 4846 milites
1170 4797 1276 4861 adiungi
1301 4797 1328 4846 iu
1352 4797 1442 4847 eadem
1465 4795 1578 4846 centuria
1602 4809 1635 4842 eo
1717 4783 1718 4828 3

298 4887 413 4945 tempore
432 4889 568 4932 merentes.

354 4969 379 5034 ⁴)
399 4973 467 5024 Nam
481 4975 507 5023 in
521 4975 644 5024 laterculo
654 4975 701 5038 Vl,
718 4977 789 5027 2386
810 4978 889 5028 tribus
908 4978 1056 5030 hominibus
1080 4980 1196 5030 evocatio
1220 4979 1351 5044 adscripta
1364 4985 1410 5040 est,
1431 4978 1545 5029 officium
1558 4975 1633 5026 nulli.

356 5062 379 5125 ⁵)
399 5065 430 5115 In
449 5065 573 5116 laterculo
594 5067 737 5117 cohortium
756 5067 912 5119 urbanarum
931 5071 985 5130 VI,
1015 5071 1142 5134 338411,
1166 5075 1177 5120 1
1201 5071 1356 5135 adscriptum
1381 5078 1433 5121 est:
1461 5073 1476 5114 Υ
1497 5069 1544 5134 lep.
1563 5063 1637 5116 XVI

296 5151 329 5204 F.
342 5155 369 5219 s.
408 5159 574 5224 Adscriptum
589 5159 643 5222 VI,
665 5159 733 5210 2381
757 5159 784 5221 (α
799 5161 854 5223 111,
876 5162 902 5224 2)
928 5177 949 5211 c.
971 5161 1018 5228 leq.
1039 5163 1193 5227 significabit
1212 5163 1410 5214 cornicularium
1433 5161 1542 5226 legionis
1560 5159 1633 5209 simi·

296 5245 352 5295 lere
372 5247 495 5299 oltlcium.
