3444 5932
429 645 729 698 ousnnvsurouns
748 644 1031 696 nerennrnrcnu.
1328 621 1397 692 137

87 837 101 877 a
116 819 321 894 protectoribus
344 817 617 878 administratorum
638 826 668 876 et
688 817 842 894 proprium
859 815 1078 894 quodammodo
1093 816 1204 874 sactum
1221 815 1399 874 vocabulum

86 920 289 978 ducenariorum
314 921 360 996 (p.
378 919 435 979 125
459 919 553 995 adn).

117 1021 292 1098 Dignitatem
320 1029 505 1097 protectores
531 1023 561 1079 in
588 1021 758 1080 universum
787 1019 1054 1096 perfectissimatus
1081 1018 1219 1078 videntur
1247 1019 1398 1091 habuisse,

85 1123 125 1196 qui
144 1121 316 1181 miseribitur
345 1125 376 1180 in
403 1121 489 1182 titulo
512 1121 606 1180 1116.
659 1122 771 1182 Decem
797 1123 885 1200 primi
912 1131 1010 1180 tamen
1039 1122 1192 1196 utriusque
1219 1119 1331 1179 ordinis
1360 1139 1399 1179 ex

84 1225 138 1300 lege
156 1242 180 1280 a
197 1223 257 1281 414
280 1221 331 1300 (G.
345 1223 403 1282 Th.
420 1225 448 1296 6,
464 1221 547 1295 141
571 1224 609 1282 ci.
626 1224 654 1283 8.
671 1223 705 1299 9)
727 1233 758 1282 et
777 1224 829 1282 alii
845 1223 964 1299 quidam
989 1223 1033 1299 (6,
1050 1222 1099 1295 15,
1116 1223 1149 1298 1)
1170 1222 1399 1281 clarissimatum

84 1325 269 1398 obtinuerunt,
300 1325 352 1402 qui
376 1326 546 1402 adscriptus
573 1336 619 1384 eat
644 1326 674 1383 in
702 1325 790 1382 titulo
816 1344 844 1383 n.
862 1326 910 1383 36.
943 1357 983 1368 -
1016 1323 1059 1382 Ut
1084 1325 1250 1382 notariatus
1278 1323 1399 1382 maioris

84 1427 215 1505 dignitatis
236 1445 305 1486 eum
329 1427 500 1499 tribunatu,
527 1427 570 1484 ita
591 1427 741 1486 interioris
763 1427 876 1484 ordinis
905 1427 1072 1485 notariatus
1102 1443 1167 1483 cum
1196 1432 1398 1500 protectoratu

84 1528 195 1604 legitime
216 1529 398 1587 coniunctus
419 1529 491 1600 fuit3
518 1528 549 1587 id
571 1529 652 1604 quod
674 1537 704 1585 et
725 1529 828 1586 titulus
851 1549 879 1586 n.
897 1527 936 1586 34
963 1537 1089 1586 testatur
1115 1537 1144 1585 et
1170 1527 1398 1586 constitutiones

85 1635 140 1687 enni
158 1629 211 1689 381
238 1628 273 1689 C.
290 1629 352 1688 Tb.
376 1629 470 1703 6,10,
494 1629 521 1686 1.
538 1631 566 1688 3.
610 1630 656 1688 lbi
678 1629 756 1687 enim
779 1647 845 1688 cum
868 1631 1034 1689 notariatus
1056 1636 1116 1688 tres
1142 1629 1252 1707 gradus
1279 1645 1398 1688 enume-

84 1741 174 1803 rentur,
196 1731 315 1790 seilicet
338 1731 391 1807 qui
413 1739 522 1790 exeant
543 1749 610 1789 eum
634 1733 746 1790 honore
768 1742 820 1789 aut
841 1731 1071 1808 proconsulatus
1094 1740 1144 1788 aut
1163 1730 1324 1789 vicariatus
1347 1739 1399 1788 aut

84 1833 297 1906 unanimitatis,
327 1833 425 1910 primo
452 1841 481 1890 et
502 1832 631 1891 secundo
658 1833 726 1891 loeo
753 1833 907 1892 constituti
938 1833 1044 1891 triburu'
1069 1843 1095 1891 et
1119 1835 1226 1890 notorii
1252 1831 1398 1901 dicuntur,

87 1935 153 1991 unic
171 1935 317 1993 domestici
341 1943 367 1993 et
388 1938 501 1993 autumi.

117 2035 209 2094 Oiileio
231 2045 441 2113 protectorum
463 2053 644 2112 quamquam
675 2036 730 2094 bae
752 2054 870 2114 quoque
892 2045 989 2094 astate
1010 2035 1103 2094 divini
1129 2035 1234 2093 lateris
1261 2035 1399 2094 custodia

93 2137 372 2212 comprehendebatur
394 2151 423 2196 et
444 2155 658 2213 saepenumero
680 2148 831 2213 tamquam
848 2137 977 2214 speciale
994 2147 1193 2213 protectorum
1209 2137 1398 2214 privilegium

94 2249 240 2296 memoratur
273 2241 325 2298 ius
361 2257 522 2314 purpuram
557 2257 673 2297 sacram
710 2239 868 2309 adorandi,
905 2239 934 2296 id
970 2249 1018 2298 est
1052 2241 1150 2315 ipsum
1187 2239 1398 2316 imperatorem

90 2337 201 2410 uitandi,
233 2341 337 2417 magis
366 2341 506 2399 custodia
534 2360 569 2399 ea
597 2340 784 2398 scholaribus
811 2341 973 2399 commissa
1000 2348 1059 2413 est,
1092 2349 1121 2398 et
1148 2359 1213 2398 vers
1241 2341 1279 2398 ob
1308 2340 1398 2398 aliam

87 2457 180 2498 musam
202 2451 396 2518 protectores
422 2443 551 2500 instituti
577 2459 644 2501 esse
672 2441 824 2514 videntur,
855 2441 968 2501 seilicet
993 2451 1025 2500 ut
1052 2460 1177 2500 munera
1203 2442 1323 2519 publica
1349 2459 1398 2499 ea·

86 2553 229 2616 pensarent,
256 2544 381 2602 interim
402 2552 515 2616 antem,
542 2543 636 2602 donec
657 2553 810 2619 caperent,
837 2544 959 2620 publica
980 2544 1101 2620 negotia
1122 2544 1285 2602 secundum
1314 2543 1399 2602 iussa

86 2643 202 2720 principis
229 2653 464 2721 exequerentur.
514 2645 680 2720 Utrumque
706 2646 824 2721 egregie
850 2645 980 2720 explicat
1007 2649 1058 2722 qui
1087 2646 1152 2722 ipse
1185 2646 1398 2720 protectoriam

85 2742 162 2803 locum
182 2747 277 2805 tenuit
301 2747 481 2805 Ammianus
506 2746 552 2818 16,
577 2746 624 2818 10,
646 2747 700 2804 21:
718 2751 861 2822 provectis
883 2765 897 2802 s
919 2749 1062 2804 consortio
1083 2757 1178 2804 nostro
1200 2749 1241 2804 ad
1261 2749 1398 2822 rependes

85 2845 164 2905 milites
183 2857 253 2906 ectu
279 2848 440 2906 maioribus
466 2849 658 2907 adulescentes
685 2867 747 2906 eum
773 2848 960 2923 (Ursicinum
989 2848 1163 2926 magistrum
1191 2848 1318 2906 militum
1346 2868 1399 2924 per

86 2943 230 3024 Orientem)
253 2953 340 3025 sequi
361 2949 497 3018 iuberer,
519 2950 660 3025 quidquid
676 2967 732 3025 pro
754 2949 920 3025 republica
942 2951 1121 3008 mundaverit
1139 2949 1300 3024 impletam
1329 2949 1399 3008 addi

84 3056 165 3119 potest
184 3050 259 3108 alter
281 3052 370 3108 locus
397 3051 443 3120 15,
460 3049 488 3120 5,
504 3048 544 3108 tt
572 3051 609 3108 de
630 3051 733 3110 eodem
760 3049 899 3109 Ursicino
927 3051 1020 3109 misso
1047 3051 1191 3127 magistro
1216 3050 1339 3108 militum
1367 3051 1398 3108 in

85 3145 183 3208 Gallias
205 3153 331 3210 tribunis
353 3160 379 3208 et
397 3150 604 3226 protectoribus
626 3153 785 3210 domesticis
807 3154 912 3223 decem,
940 3163 971 3211 ct
989 3153 1168 3230 postularat,
1196 3153 1237 3210 cd
1256 3154 1397 3210 iucundus

83 3257 239 3312 mactatos
258 3252 397 3329 publicas
420 3255 446 3310 ei
466 3255 627 3311 cormunis.
667 3253 823 3312 Eiusmodi
846 3253 987 3312 mandata
1008 3263 1188 3330 exequentes
1211 3263 1396 3329 protectores

56 3355 59 3360 ⁴
84 3369 135 3409 cum
155 3355 263 3428 passim
287 3353 485 3430 reperiantur,
509 3371 653 3429 quaenam
676 3373 712 3412 ea
733 3353 875 3413 mandata
896 3356 1008 3414 fuerint
1029 3373 1177 3433 exponere
1192 3354 1267 3411 nibil
1283 3353 1396 3412 attinet.

82 3449 222 3516 Promotou
256 3465 360 3513 autem
391 3471 460 3514 esse
494 3463 677 3531 protectores
710 3456 889 3515 domesticos
922 3457 1099 3515 Ammianus
1129 3457 1172 3513 ait
1196 3455 1237 3512 cd
1262 3457 1397 3530 rependes

81 3553 175 3616 uiliter.
211 3555 336 3618 Scilicet
350 3557 425 3615 fiunt
439 3555 491 3614 alii
506 3556 647 3633 praelecti
663 3557 800 3633 legionis,
822 3567 855 3616 ut
875 3557 946 3617 laeti
969 3567 1039 3618 sunt
1060 3557 1118 3616 duo
1139 3559 1170 3614 in
1185 3557 1281 3615 titulis
1305 3576 1332 3613 n.
1347 3557 1396 3614 30.

83 3653 112 3710 43
131 3659 298 3730 memorati,
325 3657 378 3715 alii
399 3657 523 3729 tribuni,
549 3657 653 3733 utqui
676 3660 845 3717 nominatur
866 3659 946 3734 apud
970 3659 1160 3716 Ammianum
1190 3657 1237 3730 18,
1261 3657 1290 3728 3,
1313 3659 1331 3716 5
1359 3657 1396 3714 ad

82 3773 103 3810 a
117 3757 167 3816 353
187 3759 355 3818 Valentinus
377 3778 410 3817 ec
426 3761 591 3834 primicerio
610 3769 801 3834 protectorum
823 3761 952 3819 tribunus
975 3760 1111 3836 (etitem
1135 3758 1185 3830 30,
1203 3759 1230 3831 7,
1247 3759 1289 3834 3),
1312 3759 1396 3816 item-

82 3871 129 3928 que
147 3860 186 3918 ait
203 3861 255 3918 lex
278 3880 305 3919 a.
320 3859 378 3918 432
396 3857 445 3934 (O.
457 3859 515 3918 Th.
532 3861 560 3930 6,
577 3858 626 3931 24,
645 3862 679 3918 ll
699 3885 735 3910 =
754 3859 789 3921 O.
804 3861 875 3920 Iust.
895 3860 942 3934 12,
961 3863 1008 3933 ll,
1025 3861 1057 3936 2)
1081 3859 1279 3938 primicerium
1296 3879 1396 3919 eorum

82 3957 243 4020 tribunatum
268 3963 404 4037 accipere
426 3961 531 4019 solere.
577 3963 755 4022 Accusatius
777 3983 814 4020 ne
834 3963 908 4021 haec
930 3963 1048 4038 quidem
1075 3980 1301 4039 persequemur,
1329 3982 1396 4020 cum

83 4060 211 4131 pendeant
233 4083 254 4122 a
274 4063 450 4139 quaestione
472 4081 531 4120 non
553 4062 635 4122 facili
658 4065 694 4124 de
717 4082 806 4122 cursu
828 4065 975 4122 honorum
997 4064 1169 4122 militarium
1192 4065 1245 4140 qui
1260 4063 1315 4124 fuit
1330 4083 1396 4124 sae·

83 4160 137 4219 colo
156 4174 271 4238 quarto.

115 4259 175 4322 Hoc
194 4275 294 4324 autem
317 4283 377 4324 non
400 4265 638 4342 praeteribimus,
660 4285 839 4343 quamquam
862 4267 1044 4346 intellegenti
1066 4285 1119 4343 per
1139 4285 1172 4328 se
1192 4275 1281 4342 patet,
1304 4268 1396 4326 totius

83 4365 194 4426 instituti
208 4365 450 4428 Constantiniani
473 4385 594 4426 causam
615 4375 644 4426 et
665 4369 810 4428 rationem
831 4370 901 4427 hine
921 4371 1059 4446 pendere.
1097 4367 1217 4428 Scilicet
1237 4378 1396 4446 postquam

84 4477 220 4526 senatores
242 4478 272 4528 et
292 4469 414 4527 omnino
437 4469 600 4529 nobiliores
622 4489 640 4527 a
662 4471 845 4548 temporibus
867 4471 935 4529 inde
948 4469 1077 4530 Gallieni
1092 4471 1219 4528 militare
1235 4472 1396 4544 desierunt,

84 4561 159 4624 duces
179 4569 239 4627 iere
261 4589 300 4628 ex
322 4571 494 4648 gregalibus
518 4571 723 4642 sumebantur;
747 4580 776 4629 et
797 4573 909 4648 passim
927 4593 963 4631 ea
982 4581 1079 4632 aetate
1094 4573 1295 4650 primipilares
1315 4573 1397 4629 sirni-

83 4659 164 4740 lltque
183 4671 364 4730 condicionis
383 4673 517 4731 veterani
539 4673 728 4731 inveniuntur
749 4675 882 4748 provecti
905 4673 941 4730 ad
965 4675 1093 4733 honores
1108 4675 1246 4732 maiorue.
1283 4673 1396 4731 Eorum

85 4763 161 4838 iffl'tur
180 4775 366 4831 seminarium
383 4781 566 4849 protectores
582 4781 652 4832 sunt
668 4775 808 4846 veterani,
832 4775 969 4832 nimirum
985 4775 1136 4846 destinati,
1159 4785 1192 4833 ut
1207 4775 1249 4831 ait
1263 4774 1396 4832 Ammia-

86 4883 131 4924 uus
154 4872 291 4932 militibus
318 4875 466 4951 regendis.
516 4876 652 4934 Alterum
679 4885 776 4934 autem
804 4894 897 4953 genus
924 4884 1140 4951 protectorum,
1168 4877 1232 4934 sive
1257 4874 1288 4931 id
1316 4872 1396 4933 Con·

86 4972 214 5034 stantinus
234 4977 301 5051 ipse
328 4975 437 5034 adiecit
464 4977 527 5036 sive
552 4977 607 5035 lilii
636 4979 716 5048 eius,
742 4996 777 5036 eo
803 4977 894 5047 redit,
922 4977 1000 5054 quod
1023 4975 1274 5037 Constantiniana
1299 4983 1396 5036 aetate

86 5067 184 5132 uobiles
204 5094 307 5136 rursus
330 5075 455 5135 admissi
484 5087 554 5136 sunt
580 5079 618 5136 ad
646 5079 782 5136 militiam
808 5079 1014 5138 interdictione
1037 5076 1228 5138 Gallieniana
1253 5077 1296 5134 ita
1322 5084 1396 5135 tem-

87 5181 186 5245 Peraia,
209 5187 239 5235 ut
264 5187 324 5236 tam
347 5179 496 5236 veteranis
523 5197 562 5237 ex
590 5179 760 5257 gregalibus
790 5197 879 5255 quam
907 5180 1058 5238 nobilibus
1087 5177 1258 5236 hominibus
1285 5178 1395 5237 milites

88 5274 191 5346 regendi
209 5279 457 5356 permitterentur.
505 5279 545 5338 Et
566 5299 747 5358 quamquam
775 5293 881 5359 postea
906 5299 953 5340 res
975 5299 1011 5340 eo
1034 5280 1163 5340 deducta
1184 5287 1244 5351 est,
1272 5288 1306 5338 ut
1326 5299 1403 5357 pro-·
