<?xml version="1.0" encoding="UTF-8"?>
<!DOCTYPE html PUBLIC "-//W3C//DTD XHTML 1.0 Transitional//EN"
    "http://www.w3.org/TR/xhtml1/DTD/xhtml1-transitional.dtd">
<html xmlns="http://www.w3.org/1999/xhtml" xml:lang="en" lang="en">
 <head>
  <title>
</title>
<meta http-equiv="Content-Type" content="text/html;charset=utf-8" />
  <meta name='ocr-system' content='tesseract 3.04.00' />
  <meta name='ocr-capabilities' content='ocr_page ocr_carea ocr_par ocr_line ocrx_word'/>
</head>
<body>
  <div class='ocr_page' id='page_1' title='image "./ephemerisepigra11instgoog_0638.png"; bbox 0 0 3348 5926; ppageno 0'>
   <div class='ocr_carea' id='block_1_1' title="bbox 430 562 1402 636">
    <p class='ocr_par' dir='ltr' id='par_1_1' title="bbox 430 562 1402 636">
     <span class='ocr_line' id='line_1_1' title="bbox 430 562 1402 636; baseline 0 -3"><span class='ocrx_word' id='word_1_1' title='bbox 430 581 733 634; x_wconf 76' lang='lat' dir='ltr'>oesnnva&#39;rrorrus</span> <span class='ocrx_word' id='word_1_2' title='bbox 761 583 1044 636; x_wconf 77' lang='lat' dir='ltr'>arrenaesrean.</span> <span class='ocrx_word' id='word_1_3' title='bbox 1332 562 1402 633; x_wconf 90' lang='grc'>627</span> 
     </span>
    </p>
   </div>
   <div class='ocr_carea' id='block_1_2' title="bbox 67 755 1412 3494">
    <p class='ocr_par' dir='ltr' id='par_1_2' title="bbox 67 755 1407 1347">
     <span class='ocr_line' id='line_1_2' title="bbox 67 755 1404 836; baseline -0.001 -18"><span class='ocrx_word' id='word_1_4' title='bbox 67 777 121 818; x_wconf 90' lang='lat' dir='ltr'>nea</span> <span class='ocrx_word' id='word_1_5' title='bbox 143 775 246 816; x_wconf 89' lang='lat' dir='ltr'>rerum</span> <span class='ocrx_word' id='word_1_6' title='bbox 268 755 341 814; x_wconf 92' lang='lat' dir='ltr'>ordo</span> <span class='ocrx_word' id='word_1_7' title='bbox 364 756 415 832; x_wconf 92' lang='lat' dir='ltr'>qui</span> <span class='ocrx_word' id='word_1_8' title='bbox 438 763 501 816; x_wconf 91' lang='lat' dir='ltr'>tum</span> <span class='ocrx_word' id='word_1_9' title='bbox 523 757 579 816; x_wconf 86' lang='lat' dir='ltr'>fuit</span> <span class='ocrx_word' id='word_1_10' title='bbox 601 765 680 816; x_wconf 90' lang='lat' dir='ltr'>recte</span> <span class='ocrx_word' id='word_1_11' title='bbox 701 758 826 834; x_wconf 90' lang='lat' dir='ltr'>patitur,</span> <span class='ocrx_word' id='word_1_12' title='bbox 855 765 887 816; x_wconf 92' lang='lat' dir='ltr'>ut</span> <span class='ocrx_word' id='word_1_13' title='bbox 909 758 1070 835; x_wconf 82' lang='lat' dir='ltr'><strong>dignitates</strong></span> <span class='ocrx_word' id='word_1_14' title='bbox 1091 757 1160 816; x_wconf 90' lang='lat' dir='ltr'>illae</span> <span class='ocrx_word' id='word_1_15' title='bbox 1182 773 1275 833; x_wconf 89' lang='lat' dir='ltr'>supra</span> <span class='ocrx_word' id='word_1_16' title='bbox 1295 758 1404 836; x_wconf 90' lang='lat' dir='ltr'>magis·</span> 
     </span>
     <span class='ocr_line' id='line_1_3' title="bbox 67 859 1406 937; baseline 0.001 -18"><span class='ocrx_word' id='word_1_17' title='bbox 67 871 144 920; x_wconf 91' lang='lat' dir='ltr'>trum</span> <span class='ocrx_word' id='word_1_18' title='bbox 168 859 340 918; x_wconf 84' lang='lat' dir='ltr'>officiorum</span> <span class='ocrx_word' id='word_1_19' title='bbox 363 860 525 918; x_wconf 82' lang='lat' dir='ltr'>eminentes</span> <span class='ocrx_word' id='word_1_20' title='bbox 548 867 638 934; x_wconf 89' lang='lat' dir='ltr'>caput</span> <span class='ocrx_word' id='word_1_21' title='bbox 659 859 751 918; x_wconf 85' lang='lat' dir='ltr'>officii</span> <span class='ocrx_word' id='word_1_22' title='bbox 774 861 812 918; x_wconf 90' lang='lat' dir='ltr'>ab</span> <span class='ocrx_word' id='word_1_23' title='bbox 836 859 892 920; x_wconf 88' lang='lat' dir='ltr'>hoc</span> <span class='ocrx_word' id='word_1_24' title='bbox 913 860 1090 936; x_wconf 91' lang='lat' dir='ltr'>acceperint.</span> <span class='ocrx_word' id='word_1_25' title='bbox 1128 859 1236 937; x_wconf 91' lang='lat' dir='ltr'>ltaque</span> <span class='ocrx_word' id='word_1_26' title='bbox 1258 868 1406 937; x_wconf 86' lang='lat' dir='ltr'>quatenus</span> 
     </span>
     <span class='ocr_line' id='line_1_4' title="bbox 67 941 1406 1040; baseline -0.002 -17"><span class='ocrx_word' id='word_1_27' title='bbox 67 962 234 1023; x_wconf 88' lang='lat' dir='ltr'>secundum</span> <span class='ocrx_word' id='word_1_28' title='bbox 264 961 362 1040; x_wconf 92' lang='lat' dir='ltr'>legum</span> <span class='ocrx_word' id='word_1_29' title='bbox 390 969 523 1020; x_wconf 90' lang='lat' dir='ltr'>tenorem</span> <span class='ocrx_word' id='word_1_30' title='bbox 552 963 692 1039; x_wconf 89' lang='lat' dir='ltr'>princeps</span> <span class='ocrx_word' id='word_1_31' title='bbox 710 941 913 1021; x_wconf 50' lang='lat' dir='ltr'>&#39;constituitur</span> <span class='ocrx_word' id='word_1_32' title='bbox 946 961 1029 1037; x_wconf 88' lang='lat' dir='ltr'>(narn</span> <span class='ocrx_word' id='word_1_33' title='bbox 1057 961 1186 1020; x_wconf 88' lang='lat' dir='ltr'>delinitis</span> <span class='ocrx_word' id='word_1_34' title='bbox 1220 962 1406 1040; x_wconf 87' lang='lat' dir='ltr'>singulorum</span> 
     </span>
     <span class='ocr_line' id='line_1_5' title="bbox 67 1063 1405 1141; baseline -0.002 -17"><span class='ocrx_word' id='word_1_35' title='bbox 67 1066 238 1124; x_wconf 81' lang='lat' dir='ltr'>officiorum</span> <span class='ocrx_word' id='word_1_36' title='bbox 266 1064 367 1136; x_wconf 89' lang='lat' dir='ltr'>annis,</span> <span class='ocrx_word' id='word_1_37' title='bbox 401 1063 523 1124; x_wconf 89' lang='lat' dir='ltr'>delinito</span> <span class='ocrx_word' id='word_1_38' title='bbox 550 1065 620 1122; x_wconf 90' lang='lat' dir='ltr'>item</span> <span class='ocrx_word' id='word_1_39' title='bbox 647 1065 750 1123; x_wconf 86' lang='lat' dir='ltr'>ordine</span> <span class='ocrx_word' id='word_1_40' title='bbox 777 1065 922 1123; x_wconf 84' lang='lat' dir='ltr'>officiales</span> <span class='ocrx_word' id='word_1_41' title='bbox 951 1084 1020 1123; x_wconf 89' lang='lat' dir='ltr'>vere</span> <span class='ocrx_word' id='word_1_42' title='bbox 1048 1064 1159 1123; x_wconf 81' lang='lat' dir='ltr'>fiebant</span> <span class='ocrx_word' id='word_1_43' title='bbox 1191 1064 1287 1141; x_wconf 82' lang='lat' dir='ltr'>magis</span> <span class='ocrx_word' id='word_1_44' title='bbox 1316 1082 1405 1140; x_wconf 90' lang='lat' dir='ltr'>quam</span> 
     </span>
     <span class='ocr_line' id='line_1_6' title="bbox 67 1166 1407 1245; baseline -0.001 -19"><span class='ocrx_word' id='word_1_45' title='bbox 67 1167 275 1243; x_wconf 86' lang='lat' dir='ltr'>creabantur),</span> <span class='ocrx_word' id='word_1_46' title='bbox 297 1167 326 1224; x_wconf 92' lang='lat' dir='ltr'>in</span> <span class='ocrx_word' id='word_1_47' title='bbox 349 1167 430 1224; x_wconf 88' lang='lat' dir='ltr'>hisce</span> <span class='ocrx_word' id='word_1_48' title='bbox 452 1166 559 1224; x_wconf 85' lang='lat' dir='ltr'>officiis</span> <span class='ocrx_word' id='word_1_49' title='bbox 582 1167 758 1226; x_wconf 88' lang='lat' dir='ltr'>constitutus</span> <span class='ocrx_word' id='word_1_50' title='bbox 782 1167 822 1226; x_wconf 89' lang='lat' dir='ltr'>sit</span> <span class='ocrx_word' id='word_1_51' title='bbox 844 1185 963 1226; x_wconf 90' lang='lat' dir='ltr'>necesse</span> <span class='ocrx_word' id='word_1_52' title='bbox 985 1174 1031 1226; x_wconf 91' lang='lat' dir='ltr'>est</span> <span class='ocrx_word' id='word_1_53' title='bbox 1053 1186 1072 1225; x_wconf 86' lang='lat' dir='ltr'>a</span> <span class='ocrx_word' id='word_1_54' title='bbox 1094 1168 1269 1245; x_wconf 88' lang='lat' dir='ltr'>magistratu</span> <span class='ocrx_word' id='word_1_55' title='bbox 1290 1167 1337 1224; x_wconf 90' lang='lat' dir='ltr'>cui</span> <span class='ocrx_word' id='word_1_56' title='bbox 1355 1185 1407 1243; x_wconf 93' lang='lat' dir='ltr'>ap·</span> 
     </span>
     <span class='ocr_line' id='line_1_7' title="bbox 67 1271 204 1347; baseline -0.007 -19"><span class='ocrx_word' id='word_1_57' title='bbox 67 1271 204 1347; x_wconf 87' lang='lat' dir='ltr'>parebat.</span> 
     </span>
    </p>

    <p class='ocr_par' dir='ltr' id='par_1_3' title="bbox 68 1371 1412 3494">
     <span class='ocr_line' id='line_1_8' title="bbox 108 1371 1409 1448; baseline 0 -18"><span class='ocrx_word' id='word_1_58' title='bbox 108 1371 272 1448; x_wconf 85' lang='lat' dir='ltr'>Principes</span> <span class='ocrx_word' id='word_1_59' title='bbox 299 1371 431 1448; x_wconf 89' lang='lat' dir='ltr'>reliquos</span> <span class='ocrx_word' id='word_1_60' title='bbox 464 1373 623 1448; x_wconf 80' lang='lat' dir='ltr'>quominus</span> <span class='ocrx_word' id='word_1_61' title='bbox 651 1373 844 1430; x_wconf 83' lang='lat' dir='ltr'>constitueret</span> <span class='ocrx_word' id='word_1_62' title='bbox 871 1372 1011 1448; x_wconf 87' lang='lat' dir='ltr'>magister</span> <span class='ocrx_word' id='word_1_63' title='bbox 1043 1371 1206 1430; x_wconf 86' lang='lat' dir='ltr'>officiorum</span> <span class='ocrx_word' id='word_1_64' title='bbox 1241 1390 1278 1429; x_wconf 88' lang='lat' dir='ltr'>ex</span> <span class='ocrx_word' id='word_1_65' title='bbox 1306 1371 1409 1430; x_wconf 91' lang='lat' dir='ltr'>schola</span> 
     </span>
     <span class='ocr_line' id='line_1_9' title="bbox 68 1474 1409 1552; baseline 0 -20"><span class='ocrx_word' id='word_1_66' title='bbox 68 1475 124 1532; x_wconf 91' lang='lat' dir='ltr'>sibi</span> <span class='ocrx_word' id='word_1_67' title='bbox 146 1474 269 1534; x_wconf 87' lang='lat' dir='ltr'>subdita</span> <span class='ocrx_word' id='word_1_68' title='bbox 291 1474 439 1550; x_wconf 87' lang='lat' dir='ltr'>agentium</span> <span class='ocrx_word' id='word_1_69' title='bbox 463 1475 493 1532; x_wconf 93' lang='lat' dir='ltr'>iu</span> <span class='ocrx_word' id='word_1_70' title='bbox 518 1475 619 1546; x_wconf 90' lang='lat' dir='ltr'>rebus,</span> <span class='ocrx_word' id='word_1_71' title='bbox 643 1475 772 1551; x_wconf 86' lang='lat' dir='ltr'>dignitas</span> <span class='ocrx_word' id='word_1_72' title='bbox 792 1493 851 1532; x_wconf 89' lang='lat' dir='ltr'>non</span> <span class='ocrx_word' id='word_1_73' title='bbox 873 1475 1065 1552; x_wconf 87' lang='lat' dir='ltr'>impediebat,</span> <span class='ocrx_word' id='word_1_74' title='bbox 1087 1493 1153 1532; x_wconf 90' lang='lat' dir='ltr'>cum</span> <span class='ocrx_word' id='word_1_75' title='bbox 1169 1474 1303 1551; x_wconf 86' lang='lat' dir='ltr'>exceptis</span> <span class='ocrx_word' id='word_1_76' title='bbox 1319 1492 1409 1550; x_wconf 87' lang='lat' dir='ltr'>supra</span> 
     </span>
     <span class='ocr_line' id='line_1_10' title="bbox 69 1576 1408 1654; baseline 0 -20"><span class='ocrx_word' id='word_1_77' title='bbox 69 1576 156 1637; x_wconf 90' lang='lat' dir='ltr'>dictis</span> <span class='ocrx_word' id='word_1_78' title='bbox 191 1577 387 1654; x_wconf 79' lang='lat' dir='ltr'>magistratus</span> <span class='ocrx_word' id='word_1_79' title='bbox 427 1593 530 1634; x_wconf 89' lang='lat' dir='ltr'>omnes</span> <span class='ocrx_word' id='word_1_80' title='bbox 563 1577 628 1654; x_wconf 89' lang='lat' dir='ltr'>ipse</span> <span class='ocrx_word' id='word_1_81' title='bbox 661 1577 861 1654; x_wconf 84' lang='lat' dir='ltr'>praecederet.</span> <span class='ocrx_word' id='word_1_82' title='bbox 920 1577 1038 1636; x_wconf 79' lang='lat' dir='ltr'>Pavent</span> <span class='ocrx_word' id='word_1_83' title='bbox 1067 1577 1136 1634; x_wconf 90' lang='lat' dir='ltr'>item</span> <span class='ocrx_word' id='word_1_84' title='bbox 1165 1577 1192 1633; x_wconf 89' lang='lat' dir='ltr'>ei</span> <span class='ocrx_word' id='word_1_85' title='bbox 1222 1577 1408 1635; x_wconf 90' lang='lat' dir='ltr'>coniecturae</span> 
     </span>
     <span class='ocr_line' id='line_1_11' title="bbox 68 1678 1409 1756; baseline -0.001 -18"><span class='ocrx_word' id='word_1_86' title='bbox 68 1679 314 1752; x_wconf 83' lang='lat' dir='ltr'>constitutiones,</span> <span class='ocrx_word' id='word_1_87' title='bbox 338 1678 515 1754; x_wconf 90' lang='lat' dir='ltr'>ubicumque</span> <span class='ocrx_word' id='word_1_88' title='bbox 539 1679 684 1737; x_wconf 88' lang='lat' dir='ltr'>eiusmodi</span> <span class='ocrx_word' id='word_1_89' title='bbox 708 1679 874 1756; x_wconf 89' lang='lat' dir='ltr'>principum</span> <span class='ocrx_word' id='word_1_90' title='bbox 897 1679 1042 1756; x_wconf 85' lang='lat' dir='ltr'>originem</span> <span class='ocrx_word' id='word_1_91' title='bbox 1069 1688 1310 1749; x_wconf 87' lang='lat' dir='ltr'>commemorant,</span> <span class='ocrx_word' id='word_1_92' title='bbox 1332 1679 1409 1736; x_wconf 88' lang='lat' dir='ltr'>banc</span> 
     </span>
     <span class='ocr_line' id='line_1_12' title="bbox 68 1779 1408 1858; baseline -0.001 -18"><span class='ocrx_word' id='word_1_93' title='bbox 68 1783 164 1857; x_wconf 88' lang='lat' dir='ltr'>ipsam</span> <span class='ocrx_word' id='word_1_94' title='bbox 188 1782 382 1840; x_wconf 88' lang='lat' dir='ltr'>enuntiantes</span> <span class='ocrx_word' id='word_1_95' title='bbox 394 1779 430 1856; x_wconf 88' lang='lat'>¹).</span> <span class='ocrx_word' id='word_1_96' title='bbox 489 1781 629 1856; x_wconf 90' lang='lat' dir='ltr'>Denique</span> <span class='ocrx_word' id='word_1_97' title='bbox 655 1779 769 1838; x_wconf 89' lang='lat' dir='ltr'>Notitia</span> <span class='ocrx_word' id='word_1_98' title='bbox 796 1780 983 1858; x_wconf 90' lang='lat' dir='ltr'>Dignitatum</span> <span class='ocrx_word' id='word_1_99' title='bbox 1012 1781 1124 1858; x_wconf 90' lang='lat' dir='ltr'>passim</span> <span class='ocrx_word' id='word_1_100' title='bbox 1155 1781 1305 1858; x_wconf 86' lang='lat' dir='ltr'>significat</span> <span class='ocrx_word' id='word_1_101' title='bbox 1328 1781 1408 1858; x_wconf 92' lang='lat' dir='ltr'>priu-</span> 
     </span>
     <span class='ocr_line' id='line_1_13' title="bbox 68 1883 1410 1960; baseline -0.001 -18"><span class='ocrx_word' id='word_1_102' title='bbox 68 1883 161 1960; x_wconf 91' lang='lat' dir='ltr'>cipem</span> <span class='ocrx_word' id='word_1_103' title='bbox 187 1884 268 1942; x_wconf 88' lang='lat' dir='ltr'>sumi</span> <span class='ocrx_word' id='word_1_104' title='bbox 292 1884 325 1941; x_wconf 87' lang='lat' dir='ltr'>dc</span> <span class='ocrx_word' id='word_1_105' title='bbox 347 1883 444 1942; x_wconf 85' lang='lat' dir='ltr'>ecbola</span> <span class='ocrx_word' id='word_1_106' title='bbox 466 1887 607 1958; x_wconf 76' lang='lat' dir='ltr'>operatium</span> <span class='ocrx_word' id='word_1_107' title='bbox 628 1887 658 1940; x_wconf 86' lang='lat' dir='ltr'>in</span> <span class='ocrx_word' id='word_1_108' title='bbox 680 1884 762 1942; x_wconf 85' lang='lat' dir='ltr'>rebus</span> <span class='ocrx_word' id='word_1_109' title='bbox 789 1889 906 1941; x_wconf 89' lang='lat' dir='ltr'>etcum</span> <span class='ocrx_word' id='word_1_110' title='bbox 933 1883 972 1941; x_wconf 87' lang='lat' dir='ltr'>ad</span> <span class='ocrx_word' id='word_1_111' title='bbox 999 1883 1129 1960; x_wconf 88' lang='lat' dir='ltr'>reliquos</span> <span class='ocrx_word' id='word_1_112' title='bbox 1156 1883 1301 1942; x_wconf 85' lang='lat' dir='ltr'>officiales</span> <span class='ocrx_word' id='word_1_113' title='bbox 1328 1883 1410 1942; x_wconf 89' lang='lat' dir='ltr'>nulla</span> 
     </span>
     <span class='ocr_line' id='line_1_14' title="bbox 70 1985 1409 2063; baseline 0 -19"><span class='ocrx_word' id='word_1_114' title='bbox 70 1985 177 2044; x_wconf 90' lang='lat' dir='ltr'>similis</span> <span class='ocrx_word' id='word_1_115' title='bbox 193 1994 267 2044; x_wconf 88' lang='lat' dir='ltr'>nota</span> <span class='ocrx_word' id='word_1_116' title='bbox 282 2003 407 2062; x_wconf 90' lang='lat' dir='ltr'>usquam</span> <span class='ocrx_word' id='word_1_117' title='bbox 423 1985 573 2061; x_wconf 87' lang='lat' dir='ltr'>adscripta</span> <span class='ocrx_word' id='word_1_118' title='bbox 588 1985 763 2062; x_wconf 88' lang='lat' dir='ltr'>reperiatur,</span> <span class='ocrx_word' id='word_1_119' title='bbox 786 2003 851 2043; x_wconf 89' lang='lat' dir='ltr'>eam</span> <span class='ocrx_word' id='word_1_120' title='bbox 867 1985 1043 2044; x_wconf 91' lang='lat' dir='ltr'>electionem</span> <span class='ocrx_word' id='word_1_121' title='bbox 1059 1985 1242 2062; x_wconf 91' lang='lat' dir='ltr'>principibus</span> <span class='ocrx_word' id='word_1_122' title='bbox 1256 1987 1409 2063; x_wconf 89' lang='lat' dir='ltr'>propriam</span> 
     </span>
     <span class='ocr_line' id='line_1_15' title="bbox 69 2085 1410 2164; baseline 0 -18"><span class='ocrx_word' id='word_1_123' title='bbox 69 2105 150 2160; x_wconf 89' lang='lat' dir='ltr'>esse,</span> <span class='ocrx_word' id='word_1_124' title='bbox 177 2087 313 2164; x_wconf 85' lang='lat' dir='ltr'>reliquos</span> <span class='ocrx_word' id='word_1_125' title='bbox 336 2087 483 2146; x_wconf 84' lang='lat' dir='ltr'>officiales</span> <span class='ocrx_word' id='word_1_126' title='bbox 506 2107 544 2146; x_wconf 88' lang='lat' dir='ltr'>ex</span> <span class='ocrx_word' id='word_1_127' title='bbox 567 2087 633 2162; x_wconf 89' lang='lat' dir='ltr'>ipso</span> <span class='ocrx_word' id='word_1_128' title='bbox 655 2086 755 2144; x_wconf 88' lang='lat' dir='ltr'>officio</span> <span class='ocrx_word' id='word_1_129' title='bbox 777 2087 926 2162; x_wconf 87' lang='lat' dir='ltr'>proficisci</span> <span class='ocrx_word' id='word_1_130' title='bbox 949 2105 1007 2146; x_wconf 92' lang='lat' dir='ltr'>non</span> <span class='ocrx_word' id='word_1_131' title='bbox 1032 2089 1157 2146; x_wconf 89' lang='lat' dir='ltr'>obscure</span> <span class='ocrx_word' id='word_1_132' title='bbox 1179 2087 1299 2146; x_wconf 92' lang='lat' dir='ltr'>indicat.</span> <span class='ocrx_word' id='word_1_133' title='bbox 1345 2085 1410 2146; x_wconf 89' lang='lat' dir='ltr'>Neo</span> 
     </span>
     <span class='ocr_line' id='line_1_16' title="bbox 70 2189 1408 2267; baseline 0 -19"><span class='ocrx_word' id='word_1_134' title='bbox 70 2191 233 2267; x_wconf 88' lang='lat' dir='ltr'>quisquam</span> <span class='ocrx_word' id='word_1_135' title='bbox 255 2189 362 2265; x_wconf 92' lang='lat' dir='ltr'>opinor</span> <span class='ocrx_word' id='word_1_136' title='bbox 384 2189 580 2248; x_wconf 82' lang='lat' dir='ltr'>dubitavisset</span> <span class='ocrx_word' id='word_1_137' title='bbox 602 2190 640 2247; x_wconf 89' lang='lat' dir='ltr'>ad</span> <span class='ocrx_word' id='word_1_138' title='bbox 661 2189 750 2246; x_wconf 89' lang='lat' dir='ltr'>huius</span> <span class='ocrx_word' id='word_1_139' title='bbox 771 2191 889 2266; x_wconf 88' lang='lat' dir='ltr'>generis</span> <span class='ocrx_word' id='word_1_140' title='bbox 905 2190 1054 2266; x_wconf 90' lang='lat' dir='ltr'>principes</span> <span class='ocrx_word' id='word_1_141' title='bbox 1069 2207 1171 2248; x_wconf 86' lang='lat' dir='ltr'>omnes</span> <span class='ocrx_word' id='word_1_142' title='bbox 1184 2209 1249 2248; x_wconf 90' lang='lat' dir='ltr'>eam</span> <span class='ocrx_word' id='word_1_143' title='bbox 1265 2190 1408 2266; x_wconf 81' lang='lat' dir='ltr'>originem</span> 
     </span>
     <span class='ocr_line' id='line_1_17' title="bbox 69 2289 1412 2369; baseline 0.001 -20"><span class='ocrx_word' id='word_1_144' title='bbox 69 2294 236 2368; x_wconf 88' lang='lat' dir='ltr'>pertinere,</span> <span class='ocrx_word' id='word_1_145' title='bbox 264 2292 321 2350; x_wconf 90' lang='lat' dir='ltr'>nisi</span> <span class='ocrx_word' id='word_1_146' title='bbox 343 2292 463 2350; x_wconf 86' lang='lat' dir='ltr'>obstare</span> <span class='ocrx_word' id='word_1_147' title='bbox 485 2291 552 2350; x_wconf 84' lang='lat' dir='ltr'>risa</span> <span class='ocrx_word' id='word_1_148' title='bbox 573 2301 652 2350; x_wconf 89' lang='lat' dir='ltr'>esset</span> <span class='ocrx_word' id='word_1_149' title='bbox 672 2291 801 2349; x_wconf 87' lang='lat' dir='ltr'>formula</span> <span class='ocrx_word' id='word_1_150' title='bbox 822 2293 856 2349; x_wconf 87' lang='lat' dir='ltr'>de</span> <span class='ocrx_word' id='word_1_151' title='bbox 878 2293 970 2350; x_wconf 84' lang='lat' dir='ltr'>eadent</span> <span class='ocrx_word' id='word_1_152' title='bbox 991 2294 1084 2369; x_wconf 73' lang='lat' dir='ltr'>officio</span> <span class='ocrx_word' id='word_1_153' title='bbox 1106 2292 1219 2368; x_wconf 90' lang='lat' dir='ltr'>passim</span> <span class='ocrx_word' id='word_1_154' title='bbox 1241 2293 1271 2350; x_wconf 91' lang='lat' dir='ltr'>in</span> <span class='ocrx_word' id='word_1_155' title='bbox 1293 2289 1412 2350; x_wconf 89' lang='lat' dir='ltr'>Notitia</span> 
     </span>
     <span class='ocr_line' id='line_1_18' title="bbox 72 2374 1410 2471; baseline 0 -19"><span class='ocrx_word' id='word_1_156' title='bbox 72 2374 166 2452; x_wconf 86' lang='lat' dir='ltr'>obvia.</span> <span class='ocrx_word' id='word_1_157' title='bbox 202 2393 280 2452; x_wconf 84' lang='lat' dir='ltr'>Eam</span> <span class='ocrx_word' id='word_1_158' title='bbox 301 2393 414 2452; x_wconf 90' lang='lat' dir='ltr'>scilicet</span> <span class='ocrx_word' id='word_1_159' title='bbox 435 2393 490 2450; x_wconf 85' lang='lat' dir='ltr'>viri</span> <span class='ocrx_word' id='word_1_160' title='bbox 514 2393 591 2452; x_wconf 91' lang='lat' dir='ltr'>docti</span> <span class='ocrx_word' id='word_1_161' title='bbox 614 2393 781 2452; x_wconf 87' lang='lat' dir='ltr'>maluerunt</span> <span class='ocrx_word' id='word_1_162' title='bbox 795 2393 838 2452; x_wconf 88' lang='lat' dir='ltr'>ita</span> <span class='ocrx_word' id='word_1_163' title='bbox 859 2395 1059 2471; x_wconf 84' lang='lat' dir='ltr'>interpretari,</span> <span class='ocrx_word' id='word_1_164' title='bbox 1082 2403 1114 2453; x_wconf 91' lang='lat' dir='ltr'>ut</span> <span class='ocrx_word' id='word_1_165' title='bbox 1135 2395 1181 2453; x_wconf 90' lang='lat' dir='ltr'>bis</span> <span class='ocrx_word' id='word_1_166' title='bbox 1203 2393 1302 2452; x_wconf 91' lang='lat' dir='ltr'>verbis</span> <span class='ocrx_word' id='word_1_167' title='bbox 1318 2395 1410 2471; x_wconf 89' lang='lat' dir='ltr'>signi·</span> 
     </span>
     <span class='ocr_line' id='line_1_19' title="bbox 71 2495 1411 2584; baseline 0 -30"><span class='ocrx_word' id='word_1_168' title='bbox 71 2497 172 2555; x_wconf 88' lang='lat' dir='ltr'>licetur</span> <span class='ocrx_word' id='word_1_169' title='bbox 195 2497 282 2572; x_wconf 86' lang='lat' dir='ltr'>origo</span> <span class='ocrx_word' id='word_1_170' title='bbox 305 2516 344 2554; x_wconf 85' lang='lat' dir='ltr'>ex</span> <span class='ocrx_word' id='word_1_171' title='bbox 365 2497 432 2571; x_wconf 90' lang='lat' dir='ltr'>ipso</span> <span class='ocrx_word' id='word_1_172' title='bbox 455 2515 491 2554; x_wconf 89' lang='lat' dir='ltr'>eo</span> <span class='ocrx_word' id='word_1_173' title='bbox 514 2495 631 2570; x_wconf 91' lang='lat' dir='ltr'>dequo</span> <span class='ocrx_word' id='word_1_174' title='bbox 654 2497 742 2554; x_wconf 90' lang='lat' dir='ltr'>modo</span> <span class='ocrx_word' id='word_1_175' title='bbox 764 2497 862 2572; x_wconf 84' lang='lat' dir='ltr'>agitur</span> <span class='ocrx_word' id='word_1_176' title='bbox 884 2497 993 2570; x_wconf 86' lang='lat' dir='ltr'>officio,</span> <span class='ocrx_word' id='word_1_177' title='bbox 1016 2515 1104 2574; x_wconf 90' lang='lat' dir='ltr'>quam</span> <span class='ocrx_word' id='word_1_178' title='bbox 1127 2498 1237 2584; x_wconf 81' lang='lat' dir='ltr'>reterre</span> <span class='ocrx_word' id='word_1_179' title='bbox 1264 2497 1302 2554; x_wconf 89' lang='lat' dir='ltr'>ad</span> <span class='ocrx_word' id='word_1_180' title='bbox 1327 2514 1411 2572; x_wconf 89' lang='lat' dir='ltr'>prae-</span> 
     </span>
     <span class='ocr_line' id='line_1_20' title="bbox 72 2597 1410 2676; baseline -0.001 -21"><span class='ocrx_word' id='word_1_181' title='bbox 72 2599 219 2670; x_wconf 90' lang='lat' dir='ltr'>cedentia,</span> <span class='ocrx_word' id='word_1_182' title='bbox 241 2609 273 2656; x_wconf 92' lang='lat' dir='ltr'>ut</span> <span class='ocrx_word' id='word_1_183' title='bbox 295 2598 338 2656; x_wconf 92' lang='lat' dir='ltr'>sic</span> <span class='ocrx_word' id='word_1_184' title='bbox 360 2598 444 2675; x_wconf 85' lang='lat' dir='ltr'>origo</span> <span class='ocrx_word' id='word_1_185' title='bbox 467 2597 610 2674; x_wconf 88' lang='lat' dir='ltr'>principis</span> <span class='ocrx_word' id='word_1_186' title='bbox 633 2599 770 2674; x_wconf 82' lang='lat' dir='ltr'>proxime</span> <span class='ocrx_word' id='word_1_187' title='bbox 792 2600 947 2658; x_wconf 86' lang='lat' dir='ltr'>memorati</span> <span class='ocrx_word' id='word_1_188' title='bbox 970 2599 1008 2658; x_wconf 90' lang='lat' dir='ltr'>ad</span> <span class='ocrx_word' id='word_1_189' title='bbox 1035 2607 1206 2674; x_wconf 90' lang='lat' dir='ltr'>sequentem</span> <span class='ocrx_word' id='word_1_190' title='bbox 1230 2597 1410 2676; x_wconf 89' lang='lat' dir='ltr'>porrigatur,</span> 
     </span>
     <span class='ocr_line' id='line_1_21' title="bbox 73 2699 1410 2779; baseline 0.001 -23"><span class='ocrx_word' id='word_1_191' title='bbox 73 2719 165 2777; x_wconf 90' lang='lat' dir='ltr'>neque</span> <span class='ocrx_word' id='word_1_192' title='bbox 190 2701 258 2760; x_wconf 89' lang='lat' dir='ltr'>sine</span> <span class='ocrx_word' id='word_1_193' title='bbox 281 2717 388 2772; x_wconf 81' lang='lat' dir='ltr'>oausa3</span> <span class='ocrx_word' id='word_1_194' title='bbox 419 2718 487 2758; x_wconf 89' lang='lat' dir='ltr'>nam</span> <span class='ocrx_word' id='word_1_195' title='bbox 511 2699 689 2776; x_wconf 89' lang='lat' dir='ltr'>quibusdam</span> <span class='ocrx_word' id='word_1_196' title='bbox 715 2700 789 2758; x_wconf 87' lang='lat' dir='ltr'>locis</span> <span class='ocrx_word' id='word_1_197' title='bbox 817 2711 867 2758; x_wconf 91' lang='lat' dir='ltr'>aut</span> <span class='ocrx_word' id='word_1_198' title='bbox 895 2701 979 2758; x_wconf 90' lang='lat' dir='ltr'>nulla</span> <span class='ocrx_word' id='word_1_199' title='bbox 1004 2701 1129 2779; x_wconf 90' lang='lat' dir='ltr'>originis</span> <span class='ocrx_word' id='word_1_200' title='bbox 1156 2700 1297 2758; x_wconf 89' lang='lat' dir='ltr'>indicatio</span> <span class='ocrx_word' id='word_1_201' title='bbox 1323 2719 1410 2776; x_wconf 88' lang='lat' dir='ltr'>prae-</span> 
     </span>
     <span class='ocr_line' id='line_1_22' title="bbox 73 2801 1411 2880; baseline 0 -20"><span class='ocrx_word' id='word_1_202' title='bbox 73 2801 188 2879; x_wconf 75' lang='lat' dir='ltr'>cedit2)</span> <span class='ocrx_word' id='word_1_203' title='bbox 213 2803 312 2860; x_wconf 90' lang='lat' dir='ltr'>antei</span> <span class='ocrx_word' id='word_1_204' title='bbox 335 2821 410 2878; x_wconf 87' lang='lat' dir='ltr'>quae</span> <span class='ocrx_word' id='word_1_205' title='bbox 436 2803 569 2878; x_wconf 91' lang='lat' dir='ltr'>sequitur</span> <span class='ocrx_word' id='word_1_206' title='bbox 591 2821 695 2880; x_wconf 88' lang='lat' dir='ltr'>parum</span> <span class='ocrx_word' id='word_1_207' title='bbox 718 2801 838 2880; x_wconf 68' lang='lat' dir='ltr'>aptat).</span> <span class='ocrx_word' id='word_1_208' title='bbox 879 2801 1085 2862; x_wconf 89' lang='lat' dir='ltr'>Nihilominus</span> <span class='ocrx_word' id='word_1_209' title='bbox 1108 2803 1314 2879; x_wconf 80' lang='lat' dir='ltr'>interpretatio</span> <span class='ocrx_word' id='word_1_210' title='bbox 1338 2803 1411 2860; x_wconf 88' lang='lat' dir='ltr'>baec</span> 
     </span>
     <span class='ocr_line' id='line_1_23' title="bbox 73 2905 1411 2981; baseline 0.001 -19"><span class='ocrx_word' id='word_1_211' title='bbox 73 2923 167 2981; x_wconf 90' lang='lat' dir='ltr'>neque</span> <span class='ocrx_word' id='word_1_212' title='bbox 190 2905 292 2963; x_wconf 91' lang='lat' dir='ltr'>verbis</span> <span class='ocrx_word' id='word_1_213' title='bbox 314 2914 393 2962; x_wconf 91' lang='lat' dir='ltr'>recte</span> <span class='ocrx_word' id='word_1_214' title='bbox 416 2905 556 2963; x_wconf 87' lang='lat' dir='ltr'>convenit</span> <span class='ocrx_word' id='word_1_215' title='bbox 576 2923 672 2980; x_wconf 86' lang='lat' dir='ltr'>neque</span> <span class='ocrx_word' id='word_1_216' title='bbox 694 2925 725 2962; x_wconf 91' lang='lat' dir='ltr'>re</span> <span class='ocrx_word' id='word_1_217' title='bbox 749 2906 913 2981; x_wconf 87' lang='lat' dir='ltr'>probabilis</span> <span class='ocrx_word' id='word_1_218' title='bbox 937 2914 990 2964; x_wconf 88' lang='lat' dir='ltr'>est.</span> <span class='ocrx_word' id='word_1_219' title='bbox 1038 2905 1172 2964; x_wconf 88' lang='lat' dir='ltr'>Primum</span> <span class='ocrx_word' id='word_1_220' title='bbox 1195 2923 1261 2964; x_wconf 90' lang='lat' dir='ltr'>cum</span> <span class='ocrx_word' id='word_1_221' title='bbox 1288 2907 1319 2964; x_wconf 91' lang='lat' dir='ltr'>in</span> <span class='ocrx_word' id='word_1_222' title='bbox 1345 2905 1411 2964; x_wconf 90' lang='lat' dir='ltr'>uui·</span> 
     </span>
     <span class='ocr_line' id='line_1_24' title="bbox 74 3007 1409 3066; baseline 0.002 -3"><span class='ocrx_word' id='word_1_223' title='bbox 74 3025 190 3066; x_wconf 80' lang='lat' dir='ltr'>versum</span> <span class='ocrx_word' id='word_1_224' title='bbox 217 3007 254 3065; x_wconf 89' lang='lat' dir='ltr'>ad</span> <span class='ocrx_word' id='word_1_225' title='bbox 275 3007 372 3065; x_wconf 88' lang='lat' dir='ltr'>locum</span> <span class='ocrx_word' id='word_1_226' title='bbox 395 3007 424 3064; x_wconf 92' lang='lat' dir='ltr'>in</span> <span class='ocrx_word' id='word_1_227' title='bbox 447 3007 547 3066; x_wconf 85' lang='lat' dir='ltr'>officio</span> <span class='ocrx_word' id='word_1_228' title='bbox 568 3007 746 3066; x_wconf 89' lang='lat' dir='ltr'>eminentem</span> <span class='ocrx_word' id='word_1_229' title='bbox 775 3027 812 3066; x_wconf 86' lang='lat' dir='ltr'>ex</span> <span class='ocrx_word' id='word_1_230' title='bbox 840 3007 973 3066; x_wconf 89' lang='lat' dir='ltr'>eiusdem</span> <span class='ocrx_word' id='word_1_231' title='bbox 996 3007 1088 3066; x_wconf 77' lang='lat' dir='ltr'>officii</span> <span class='ocrx_word' id='word_1_232' title='bbox 1113 3008 1190 3066; x_wconf 89' lang='lat' dir='ltr'>locis</span> <span class='ocrx_word' id='word_1_233' title='bbox 1218 3007 1409 3066; x_wconf 85' lang='lat' dir='ltr'>inferioribus</span> 
     </span>
     <span class='ocr_line' id='line_1_25' title="bbox 75 3109 1410 3187; baseline 0.001 -21"><span class='ocrx_word' id='word_1_234' title='bbox 75 3110 280 3185; x_wconf 82' lang='lat' dir='ltr'>perveniatur,</span> <span class='ocrx_word' id='word_1_235' title='bbox 307 3128 401 3186; x_wconf 90' lang='lat' dir='ltr'>paene</span> <span class='ocrx_word' id='word_1_236' title='bbox 424 3110 554 3186; x_wconf 89' lang='lat' dir='ltr'>ineptum</span> <span class='ocrx_word' id='word_1_237' title='bbox 578 3109 676 3168; x_wconf 90' lang='lat' dir='ltr'>estid</span> <span class='ocrx_word' id='word_1_238' title='bbox 699 3111 859 3182; x_wconf 90' lang='lat' dir='ltr'>enuntiari,</span> <span class='ocrx_word' id='word_1_239' title='bbox 890 3111 980 3187; x_wconf 90' lang='lat' dir='ltr'>plane</span> <span class='ocrx_word' id='word_1_240' title='bbox 1002 3129 1062 3168; x_wconf 92' lang='lat' dir='ltr'>non</span> <span class='ocrx_word' id='word_1_241' title='bbox 1083 3109 1236 3168; x_wconf 85' lang='lat' dir='ltr'>ferendum</span> <span class='ocrx_word' id='word_1_242' title='bbox 1260 3109 1410 3169; x_wconf 90' lang='lat' dir='ltr'>autemid</span> 
     </span>
     <span class='ocr_line' id='line_1_26' title="bbox 75 3211 1410 3288; baseline 0.001 -20"><span class='ocrx_word' id='word_1_243' title='bbox 75 3212 224 3271; x_wconf 91' lang='lat' dir='ltr'>enuntiari</span> <span class='ocrx_word' id='word_1_244' title='bbox 244 3211 275 3269; x_wconf 91' lang='lat' dir='ltr'>in</span> <span class='ocrx_word' id='word_1_245' title='bbox 298 3212 432 3288; x_wconf 90' lang='lat' dir='ltr'>principe</span> <span class='ocrx_word' id='word_1_246' title='bbox 459 3211 538 3282; x_wconf 91' lang='lat' dir='ltr'>solo,</span> <span class='ocrx_word' id='word_1_247' title='bbox 565 3231 631 3270; x_wconf 91' lang='lat' dir='ltr'>cum</span> <span class='ocrx_word' id='word_1_248' title='bbox 662 3213 844 3287; x_wconf 90' lang='lat' dir='ltr'>reliquorum</span> <span class='ocrx_word' id='word_1_249' title='bbox 871 3213 1127 3270; x_wconf 85' lang='lat' dir='ltr'>cohortalinorum</span> <span class='ocrx_word' id='word_1_250' title='bbox 1156 3211 1292 3270; x_wconf 90' lang='lat' dir='ltr'>condicio</span> <span class='ocrx_word' id='word_1_251' title='bbox 1320 3212 1410 3288; x_wconf 90' lang='lat' dir='ltr'>plane</span> 
     </span>
     <span class='ocr_line' id='line_1_27' title="bbox 74 3313 1409 3392; baseline 0 -22"><span class='ocrx_word' id='word_1_252' title='bbox 74 3315 174 3374; x_wconf 89' lang='lat' dir='ltr'>eadem</span> <span class='ocrx_word' id='word_1_253' title='bbox 201 3313 251 3372; x_wconf 87' lang='lat' dir='ltr'>sit.</span> <span class='ocrx_word' id='word_1_254' title='bbox 296 3313 421 3372; x_wconf 88' lang='lat' dir='ltr'>Accedit</span> <span class='ocrx_word' id='word_1_255' title='bbox 442 3315 522 3389; x_wconf 92' lang='lat' dir='ltr'>quod</span> <span class='ocrx_word' id='word_1_256' title='bbox 544 3313 725 3390; x_wconf 90' lang='lat' dir='ltr'>principibus</span> <span class='ocrx_word' id='word_1_257' title='bbox 749 3317 976 3392; x_wconf 87' lang='lat' dir='ltr'>magistratuum</span> <span class='ocrx_word' id='word_1_258' title='bbox 1001 3332 1198 3386; x_wconf 90' lang='lat' dir='ltr'>summorum,</span> <span class='ocrx_word' id='word_1_259' title='bbox 1224 3331 1298 3391; x_wconf 89' lang='lat' dir='ltr'>quos</span> <span class='ocrx_word' id='word_1_260' title='bbox 1326 3314 1409 3372; x_wconf 92' lang='lat' dir='ltr'>dubi·</span> 
     </span>
     <span class='ocr_line' id='line_1_28' title="bbox 75 3415 1410 3494; baseline 0.001 -20"><span class='ocrx_word' id='word_1_261' title='bbox 75 3417 129 3475; x_wconf 89' lang='lat' dir='ltr'>turi</span> <span class='ocrx_word' id='word_1_262' title='bbox 149 3436 213 3476; x_wconf 89' lang='lat' dir='ltr'>non</span> <span class='ocrx_word' id='word_1_263' title='bbox 235 3423 335 3494; x_wconf 89' lang='lat' dir='ltr'>potest</span> <span class='ocrx_word' id='word_1_264' title='bbox 360 3435 429 3474; x_wconf 88' lang='lat' dir='ltr'>vere</span> <span class='ocrx_word' id='word_1_265' title='bbox 456 3435 494 3474; x_wconf 82' lang='lat' dir='ltr'>ex</span> <span class='ocrx_word' id='word_1_266' title='bbox 520 3417 596 3492; x_wconf 90' lang='lat' dir='ltr'>ipsis</span> <span class='ocrx_word' id='word_1_267' title='bbox 623 3416 731 3474; x_wconf 88' lang='lat' dir='ltr'>officiis</span> <span class='ocrx_word' id='word_1_268' title='bbox 759 3415 796 3475; x_wconf 91' lang='lat' dir='ltr'>ad</span> <span class='ocrx_word' id='word_1_269' title='bbox 825 3436 890 3474; x_wconf 91' lang='lat' dir='ltr'>eum</span> <span class='ocrx_word' id='word_1_270' title='bbox 920 3416 1019 3474; x_wconf 90' lang='lat' dir='ltr'>locum</span> <span class='ocrx_word' id='word_1_271' title='bbox 1046 3415 1234 3492; x_wconf 84' lang='lat' dir='ltr'>pervenisse,</span> <span class='ocrx_word' id='word_1_272' title='bbox 1263 3415 1410 3476; x_wconf 87' lang='lat' dir='ltr'>eiusmodi</span> 
     </span>
    </p>
   </div>
   <div class='ocr_carea' id='block_1_3' title="bbox 73 3608 1412 3866">
    <p class='ocr_par' dir='ltr' id='par_1_4' title="bbox 73 3608 1412 3866">
     <span class='ocr_line' id='line_1_29' title="bbox 73 3608 1408 3678; baseline -0.002 -15"><span class='ocrx_word' id='word_1_273' title='bbox 73 3614 254 3678; x_wconf 79' lang='lat' dir='ltr'>praetorianae</span> <span class='ocrx_word' id='word_1_274' title='bbox 271 3609 386 3662; x_wconf 77' lang='lat' dir='ltr'>cobortes</span> <span class='ocrx_word' id='word_1_275' title='bbox 403 3617 428 3660; x_wconf 88' lang='lat' dir='ltr'>et</span> <span class='ocrx_word' id='word_1_276' title='bbox 445 3608 557 3661; x_wconf 80' lang='lat' dir='ltr'>urbanae</span> <span class='ocrx_word' id='word_1_277' title='bbox 571 3609 750 3678; x_wconf 79' lang='lat' dir='ltr'>praefecturae</span> <span class='ocrx_word' id='word_1_278' title='bbox 769 3609 860 3661; x_wconf 76' lang='lat' dir='ltr'>milites</span> <span class='ocrx_word' id='word_1_279' title='bbox 875 3609 1009 3661; x_wconf 83' lang='lat' dir='ltr'>uideuatur</span> <span class='ocrx_word' id='word_1_280' title='bbox 1026 3611 1151 3660; x_wconf 80' lang='lat' dir='ltr'>inuenisse</span> <span class='ocrx_word' id='word_1_281' title='bbox 1159 3610 1304 3678; x_wconf 81' lang='lat' dir='ltr'>primatum,</span> <span class='ocrx_word' id='word_1_282' title='bbox 1324 3627 1341 3660; x_wconf 87' lang='lat' dir='ltr'>a</span> <span class='ocrx_word' id='word_1_283' title='bbox 1355 3611 1408 3678; x_wconf 80' lang='lat' dir='ltr'>qui·</span> 
     </span>
     <span class='ocr_line' id='line_1_30' title="bbox 77 3700 1410 3770; baseline 0 -16"><span class='ocrx_word' id='word_1_284' title='bbox 77 3703 118 3754; x_wconf 76' lang='lat' dir='ltr'>bras</span> <span class='ocrx_word' id='word_1_285' title='bbox 136 3704 183 3756; x_wconf 82' lang='lat' dir='ltr'>tibi</span> <span class='ocrx_word' id='word_1_286' title='bbox 203 3704 293 3755; x_wconf 72' lang='lat' dir='ltr'>humile</span> <span class='ocrx_word' id='word_1_287' title='bbox 310 3701 455 3754; x_wconf 75' lang='lat' dir='ltr'>solvebatur</span> <span class='ocrx_word' id='word_1_288' title='bbox 474 3701 621 3770; x_wconf 82' lang='lat' dir='ltr'>obsequium,</span> <span class='ocrx_word' id='word_1_289' title='bbox 643 3710 668 3753; x_wconf 90' lang='lat' dir='ltr'>et</span> <span class='ocrx_word' id='word_1_290' title='bbox 681 3705 723 3763; x_wconf 92' lang='grc'><strong>11,</strong></span> <span class='ocrx_word' id='word_1_291' title='bbox 742 3703 789 3754; x_wconf 77' lang='lat'>35:</span> <span class='ocrx_word' id='word_1_292' title='bbox 810 3705 935 3770; x_wconf 68' lang='lat' dir='ltr'>agentium</span> <span class='ocrx_word' id='word_1_293' title='bbox 954 3705 980 3753; x_wconf 86' lang='lat' dir='ltr'>in</span> <span class='ocrx_word' id='word_1_294' title='bbox 998 3700 1072 3752; x_wconf 80' lang='lat' dir='ltr'>rebus</span> <span class='ocrx_word' id='word_1_295' title='bbox 1088 3702 1159 3753; x_wconf 83' lang='lat' dir='ltr'>miles</span> <span class='ocrx_word' id='word_1_296' title='bbox 1172 3701 1251 3769; x_wconf 82' lang='lat' dir='ltr'>officii</span> <span class='ocrx_word' id='word_1_297' title='bbox 1353 3701 1410 3754; x_wconf 84' lang='lat' dir='ltr'>ideo</span> 
     </span>
     <span class='ocr_line' id='line_1_31' title="bbox 76 3794 1412 3866; baseline 0 -22"><span class='ocrx_word' id='word_1_298' title='bbox 76 3799 202 3866; x_wconf 82' lang='lat' dir='ltr'>principis</span> <span class='ocrx_word' id='word_1_299' title='bbox 219 3813 304 3848; x_wconf 83' lang='lat' dir='ltr'>nomen</span> <span class='ocrx_word' id='word_1_300' title='bbox 323 3794 414 3846; x_wconf 82' lang='lat' dir='ltr'>lubere</span> <span class='ocrx_word' id='word_1_301' title='bbox 431 3798 578 3863; x_wconf 85' lang='lat' dir='ltr'>promeruit,</span> <span class='ocrx_word' id='word_1_302' title='bbox 608 3796 669 3862; x_wconf 81' lang='lat' dir='ltr'>quio</span> <span class='ocrx_word' id='word_1_303' title='bbox 686 3795 792 3846; x_wconf 83' lang='lat' dir='ltr'>militiae</span> <span class='ocrx_word' id='word_1_304' title='bbox 810 3797 976 3846; x_wconf 80' lang='lat' dir='ltr'>sacramentis</span> <span class='ocrx_word' id='word_1_305' title='bbox 995 3802 1090 3846; x_wconf 86' lang='lat' dir='ltr'>ceteros</span> <span class='ocrx_word' id='word_1_306' title='bbox 1113 3794 1241 3846; x_wconf 82' lang='lat' dir='ltr'>antecellit</span> <span class='ocrx_word' id='word_1_307' title='bbox 1342 3801 1367 3845; x_wconf 90' lang='lat' dir='ltr'>et</span> <span class='ocrx_word' id='word_1_308' title='bbox 1384 3802 1412 3844; x_wconf 85' lang='lat' dir='ltr'>at</span> 
     </span>
    </p>
   </div>
   <div class='ocr_carea' id='block_1_4' title="bbox 77 3885 1516 3956">
    <p class='ocr_par' dir='ltr' id='par_1_5' title="bbox 77 3885 1516 3956">
     <span class='ocr_line' id='line_1_32' title="bbox 77 3885 1516 3956; baseline -0.001 -18"><span class='ocrx_word' id='word_1_309' title='bbox 77 3892 240 3941; x_wconf 68' lang='lat' dir='ltr'>atterentium</span> <span class='ocrx_word' id='word_1_310' title='bbox 254 3890 437 3956; x_wconf 79' lang='lat' dir='ltr'>praetorianae</span> <span class='ocrx_word' id='word_1_311' title='bbox 455 3887 523 3938; x_wconf 82' lang='lat' dir='ltr'>aeclie</span> <span class='ocrx_word' id='word_1_312' title='bbox 541 3888 677 3949; x_wconf 78' lang='lat' dir='ltr'>extolleret,</span> <span class='ocrx_word' id='word_1_313' title='bbox 699 3895 755 3938; x_wconf 84' lang='lat' dir='ltr'>tuac</span> <span class='ocrx_word' id='word_1_314' title='bbox 776 3887 811 3938; x_wconf 76' lang='lat' dir='ltr'>ael</span> <span class='ocrx_word' id='word_1_315' title='bbox 829 3890 882 3938; x_wconf 85' lang='lat' dir='ltr'>eius</span> <span class='ocrx_word' id='word_1_316' title='bbox 901 3890 968 3938; x_wconf 70' lang='lat' dir='ltr'>teuit</span> <span class='ocrx_word' id='word_1_317' title='bbox 986 3887 1127 3955; x_wconf 79' lang='lat' dir='ltr'>adaequeiam</span> <span class='ocrx_word' id='word_1_318' title='bbox 1146 3885 1246 3954; x_wconf 81' lang='lat' dir='ltr'>qaartdo</span> <span class='ocrx_word' id='word_1_319' title='bbox 1265 3885 1411 3938; x_wconf 83' lang='lat' dir='ltr'>uocabulum</span> <span class='ocrx_word' id='word_1_320' title='bbox 1513 3941 1516 3948; x_wconf 63' lang='grc'><strong>,</strong></span> 
     </span>
    </p>
   </div>
   <div class='ocr_carea' id='block_1_5' title="bbox 78 3980 1412 5337">
    <p class='ocr_par' dir='ltr' id='par_1_6' title="bbox 78 3980 1412 4323">
     <span class='ocr_line' id='line_1_33' title="bbox 78 3980 1411 4049; baseline 0 -19"><span class='ocrx_word' id='word_1_321' title='bbox 78 3984 157 4049; x_wconf 84' lang='lat' dir='ltr'>coepit</span> <span class='ocrx_word' id='word_1_322' title='bbox 175 3980 267 4032; x_wconf 82' lang='lat' dir='ltr'>debere</span> <span class='ocrx_word' id='word_1_323' title='bbox 284 3981 456 4049; x_wconf 83' lang='lat' dir='ltr'>praecipuum.</span> <span class='ocrx_word' id='word_1_324' title='bbox 489 3983 587 4030; x_wconf 89' lang='lat' dir='ltr'>Verum</span> <span class='ocrx_word' id='word_1_325' title='bbox 607 3987 645 4030; x_wconf 89' lang='lat' dir='ltr'>est</span> <span class='ocrx_word' id='word_1_326' title='bbox 663 3981 709 4030; x_wconf 91' lang='lat' dir='ltr'>sub</span> <span class='ocrx_word' id='word_1_327' title='bbox 730 3982 898 4046; x_wconf 88' lang='lat' dir='ltr'>dispositione</span> <span class='ocrx_word' id='word_1_328' title='bbox 917 3983 1039 4046; x_wconf 85' lang='lat' dir='ltr'>praetecti</span> <span class='ocrx_word' id='word_1_329' title='bbox 1058 3981 1129 4030; x_wconf 89' lang='lat' dir='ltr'>urbis</span> <span class='ocrx_word' id='word_1_330' title='bbox 1152 3981 1257 4045; x_wconf 89' lang='lat' dir='ltr'>proprie</span> <span class='ocrx_word' id='word_1_331' title='bbox 1280 3981 1411 4045; x_wconf 88' lang='lat' dir='ltr'>praesides</span> 
     </span>
     <span class='ocr_line' id='line_1_34' title="bbox 78 4072 1412 4139; baseline 0.001 -17"><span class='ocrx_word' id='word_1_332' title='bbox 78 4075 160 4125; x_wconf 90' lang='lat' dir='ltr'>nullos</span> <span class='ocrx_word' id='word_1_333' title='bbox 179 4090 244 4136; x_wconf 85' lang='lat' dir='ltr'>esse,</span> <span class='ocrx_word' id='word_1_334' title='bbox 264 4075 310 4124; x_wconf 89' lang='lat' dir='ltr'>sed</span> <span class='ocrx_word' id='word_1_335' title='bbox 329 4081 453 4139; x_wconf 89' lang='lat' dir='ltr'>quatenus</span> <span class='ocrx_word' id='word_1_336' title='bbox 472 4089 487 4123; x_wconf 87' lang='lat' dir='ltr'>a</span> <span class='ocrx_word' id='word_1_337' title='bbox 506 4075 625 4138; x_wconf 85' lang='lat' dir='ltr'>praeside</span> <span class='ocrx_word' id='word_1_338' title='bbox 642 4074 785 4137; x_wconf 86' lang='lat' dir='ltr'>praefectus</span> <span class='ocrx_word' id='word_1_339' title='bbox 802 4075 872 4124; x_wconf 89' lang='lat' dir='ltr'>urbis</span> <span class='ocrx_word' id='word_1_340' title='bbox 893 4075 1037 4139; x_wconf 88' lang='lat' dir='ltr'>appellatur</span> <span class='ocrx_word' id='word_1_341' title='bbox 1057 4073 1093 4134; x_wconf 82' lang='lat' dir='ltr'>(v.</span> <span class='ocrx_word' id='word_1_342' title='bbox 1106 4090 1131 4138; x_wconf 91' lang='lat' dir='ltr'>p.</span> <span class='ocrx_word' id='word_1_343' title='bbox 1144 4072 1216 4136; x_wconf 85' lang='grc'><strong>624),</strong></span> <span class='ocrx_word' id='word_1_344' title='bbox 1237 4081 1306 4125; x_wconf 89' lang='lat' dir='ltr'>recte</span> <span class='ocrx_word' id='word_1_345' title='bbox 1319 4073 1412 4138; x_wconf 91' lang='lat' dir='ltr'>opinor</span> 
     </span>
     <span class='ocr_line' id='line_1_35' title="bbox 79 4165 1410 4232; baseline 0.002 -18"><span class='ocrx_word' id='word_1_346' title='bbox 79 4165 203 4218; x_wconf 86' lang='lat' dir='ltr'>eiusmodi</span> <span class='ocrx_word' id='word_1_347' title='bbox 222 4168 348 4232; x_wconf 84' lang='lat' dir='ltr'>praesidis</span> <span class='ocrx_word' id='word_1_348' title='bbox 367 4168 526 4231; x_wconf 87' lang='lat' dir='ltr'>apparitores</span> <span class='ocrx_word' id='word_1_349' title='bbox 545 4167 669 4216; x_wconf 88' lang='lat' dir='ltr'>militibus</span> <span class='ocrx_word' id='word_1_350' title='bbox 688 4167 864 4230; x_wconf 80' lang='lat' dir='ltr'>praefecturae</span> <span class='ocrx_word' id='word_1_351' title='bbox 884 4167 997 4218; x_wconf 89' lang='lat' dir='ltr'>urbanae</span> <span class='ocrx_word' id='word_1_352' title='bbox 1016 4167 1226 4218; x_wconf 88' lang='lat' dir='ltr'>adnumerantur.</span> <span class='ocrx_word' id='word_1_353' title='bbox 1271 4165 1410 4217; x_wconf 79' lang='lat' dir='ltr'>Conferen-</span> 
     </span>
     <span class='ocr_line' id='line_1_36' title="bbox 80 4256 691 4323; baseline 0.003 -17"><span class='ocrx_word' id='word_1_354' title='bbox 80 4256 125 4307; x_wconf 84' lang='lat' dir='ltr'>dus</span> <span class='ocrx_word' id='word_1_355' title='bbox 143 4259 206 4310; x_wconf 89' lang='lat' dir='ltr'>item</span> <span class='ocrx_word' id='word_1_356' title='bbox 224 4259 313 4322; x_wconf 81' lang='lat' dir='ltr'>Lydus</span> <span class='ocrx_word' id='word_1_357' title='bbox 332 4260 364 4308; x_wconf 91' lang='lat' dir='ltr'>de</span> <span class='ocrx_word' id='word_1_358' title='bbox 384 4273 450 4323; x_wconf 87' lang='lat' dir='ltr'>mag.</span> <span class='ocrx_word' id='word_1_359' title='bbox 470 4261 494 4320; x_wconf 91' lang='grc'><strong>2,</strong></span> <span class='ocrx_word' id='word_1_360' title='bbox 511 4260 545 4308; x_wconf 97' lang='grc'>10</span> <span class='ocrx_word' id='word_1_361' title='bbox 559 4279 592 4300; x_wconf 93' lang='lat'><strong><em>=</em></strong></span> <span class='ocrx_word' id='word_1_362' title='bbox 609 4259 634 4322; x_wconf 88' lang='lat'>3,</span> <span class='ocrx_word' id='word_1_363' title='bbox 648 4260 691 4308; x_wconf 82' lang='lat'>40.</span> 
     </span>
    </p>

    <p class='ocr_par' dir='ltr' id='par_1_7' title="bbox 81 4349 1412 4691">
     <span class='ocr_line' id='line_1_37' title="bbox 136 4349 1412 4419; baseline -0.002 -17"><span class='ocrx_word' id='word_1_364' title='bbox 136 4349 159 4412; x_wconf 90' lang='lat'>¹)</span> <span class='ocrx_word' id='word_1_365' title='bbox 179 4351 209 4402; x_wconf 85' lang='lat' dir='ltr'>C.</span> <span class='ocrx_word' id='word_1_366' title='bbox 224 4351 273 4401; x_wconf 86' lang='lat' dir='ltr'>Th.</span> <span class='ocrx_word' id='word_1_367' title='bbox 294 4349 320 4412; x_wconf 90' lang='grc'>6,</span> <span class='ocrx_word' id='word_1_368' title='bbox 339 4349 382 4413; x_wconf 97' lang='grc'><strong>28,</strong></span> <span class='ocrx_word' id='word_1_369' title='bbox 402 4351 417 4400; x_wconf 93' lang='grc'>3</span> <span class='ocrx_word' id='word_1_370' title='bbox 438 4365 461 4400; x_wconf 88' lang='lat' dir='ltr'>a.</span> <span class='ocrx_word' id='word_1_371' title='bbox 476 4351 543 4401; x_wconf 83' lang='lat'><strong>386:</strong></span> <span class='ocrx_word' id='word_1_372' title='bbox 568 4357 670 4417; x_wconf 71' lang='lat' dir='ltr'>agentes</span> <span class='ocrx_word' id='word_1_373' title='bbox 682 4351 708 4400; x_wconf 84' lang='lat' dir='ltr'>ia</span> <span class='ocrx_word' id='word_1_374' title='bbox 727 4349 801 4402; x_wconf 82' lang='lat' dir='ltr'>rebus</span> <span class='ocrx_word' id='word_1_375' title='bbox 817 4358 876 4418; x_wconf 84' lang='lat' dir='ltr'>poet</span> <span class='ocrx_word' id='word_1_376' title='bbox 890 4351 1004 4419; x_wconf 84' lang='lat' dir='ltr'>palmam</span> <span class='ocrx_word' id='word_1_377' title='bbox 1023 4349 1120 4402; x_wconf 69' lang='lat' dir='ltr'>laboris</span> <span class='ocrx_word' id='word_1_378' title='bbox 1139 4351 1235 4402; x_wconf 83' lang='lat' dir='ltr'>emeriti</span> <span class='ocrx_word' id='word_1_379' title='bbox 1248 4351 1412 4418; x_wconf 74' lang='lat' dir='ltr'>principatus</span> 
     </span>
     <span class='ocr_line' id='line_1_38' title="bbox 81 4438 1411 4507; baseline 0.002 -17"><span class='ocrx_word' id='word_1_380' title='bbox 81 4438 169 4494; x_wconf 78' lang='lat' dir='ltr'>bonore</span> <span class='ocrx_word' id='word_1_381' title='bbox 187 4458 350 4493; x_wconf 79' lang='lat' dir='ltr'>muneramus.</span> <span class='ocrx_word' id='word_1_382' title='bbox 382 4443 455 4493; x_wconf 89' lang='lat' dir='ltr'>Idem</span> <span class='ocrx_word' id='word_1_383' title='bbox 475 4442 583 4493; x_wconf 86' lang='lat' dir='ltr'>efficitur</span> <span class='ocrx_word' id='word_1_384' title='bbox 602 4459 634 4492; x_wconf 80' lang='lat' dir='ltr'>ex</span> <span class='ocrx_word' id='word_1_385' title='bbox 654 4444 879 4494; x_wconf 87' lang='lat' dir='ltr'>constitutionibus</span> <span class='ocrx_word' id='word_1_386' title='bbox 898 4445 965 4507; x_wconf 90' lang='lat' dir='ltr'>aliis,</span> <span class='ocrx_word' id='word_1_387' title='bbox 984 4453 1012 4494; x_wconf 91' lang='lat' dir='ltr'>ut</span> <span class='ocrx_word' id='word_1_388' title='bbox 1032 4445 1057 4506; x_wconf 89' lang='grc'>6,</span> <span class='ocrx_word' id='word_1_389' title='bbox 1074 4447 1117 4507; x_wconf 91' lang='grc'><strong>28,</strong></span> <span class='ocrx_word' id='word_1_390' title='bbox 1134 4446 1149 4494; x_wconf 84' lang='grc'><strong>2</strong></span> <span class='ocrx_word' id='word_1_391' title='bbox 1169 4459 1193 4494; x_wconf 84' lang='lat' dir='ltr'>a.</span> <span class='ocrx_word' id='word_1_392' title='bbox 1208 4443 1274 4504; x_wconf 82' lang='lat'><strong>380;</strong></span> <span class='ocrx_word' id='word_1_393' title='bbox 1296 4443 1321 4505; x_wconf 87' lang='grc'>6,</span> <span class='ocrx_word' id='word_1_394' title='bbox 1337 4441 1379 4506; x_wconf 84' lang='grc'><strong>29,</strong></span> <span class='ocrx_word' id='word_1_395' title='bbox 1395 4443 1411 4492; x_wconf 90' lang='grc'><strong>6</strong></span> 
     </span>
     <span class='ocr_line' id='line_1_39' title="bbox 81 4534 1411 4600; baseline 0.003 -20"><span class='ocrx_word' id='word_1_396' title='bbox 81 4546 103 4580; x_wconf 90' lang='lat' dir='ltr'>a.</span> <span class='ocrx_word' id='word_1_397' title='bbox 117 4534 183 4599; x_wconf 80' lang='lat'><strong>381;</strong></span> <span class='ocrx_word' id='word_1_398' title='bbox 211 4535 236 4598; x_wconf 87' lang='grc'>6,</span> <span class='ocrx_word' id='word_1_399' title='bbox 255 4537 299 4599; x_wconf 89' lang='grc'><strong>28,</strong></span> <span class='ocrx_word' id='word_1_400' title='bbox 318 4534 334 4584; x_wconf 86' lang='grc'><strong>6</strong></span> <span class='ocrx_word' id='word_1_401' title='bbox 354 4535 459 4600; x_wconf 58' lang='lat' dir='ltr'>casm</span> <span class='ocrx_word' id='word_1_402' title='bbox 484 4536 509 4599; x_wconf 88' lang='lat'>6,</span> <span class='ocrx_word' id='word_1_403' title='bbox 528 4537 571 4598; x_wconf 89' lang='grc'><strong>28,</strong></span> <span class='ocrx_word' id='word_1_404' title='bbox 591 4537 606 4584; x_wconf 86' lang='grc'>’1</span> <span class='ocrx_word' id='word_1_405' title='bbox 626 4537 731 4598; x_wconf 82' lang='lat' dir='ltr'>a.410;</span> <span class='ocrx_word' id='word_1_406' title='bbox 758 4535 783 4598; x_wconf 87' lang='lat'>6,</span> <span class='ocrx_word' id='word_1_407' title='bbox 802 4539 845 4598; x_wconf 90' lang='grc'>28,</span> <span class='ocrx_word' id='word_1_408' title='bbox 866 4539 880 4587; x_wconf 88' lang='grc'><strong>8</strong></span> <span class='ocrx_word' id='word_1_409' title='bbox 907 4537 998 4588; x_wconf 68' lang='lat' dir='ltr'>alm</span> <span class='ocrx_word' id='word_1_410' title='bbox 1018 4544 1080 4600; x_wconf 88' lang='lat' dir='ltr'>cet.;</span> <span class='ocrx_word' id='word_1_411' title='bbox 1105 4537 1166 4586; x_wconf 85' lang='lat' dir='ltr'>item</span> <span class='ocrx_word' id='word_1_412' title='bbox 1191 4551 1224 4586; x_wconf 81' lang='lat' dir='ltr'>ex</span> <span class='ocrx_word' id='word_1_413' title='bbox 1244 4535 1411 4586; x_wconf 84' lang='lat' dir='ltr'>Cassiodorio</span> 
     </span>
     <span class='ocr_line' id='line_1_40' title="bbox 82 4628 253 4691; baseline 0.029 -17"><span class='ocrx_word' id='word_1_414' title='bbox 82 4628 253 4691; x_wconf 76' lang='lat' dir='ltr'>rar.11‚35.</span> 
     </span>
    </p>

    <p class='ocr_par' dir='ltr' id='par_1_8' title="bbox 83 4711 1411 4880">
     <span class='ocr_line' id='line_1_41' title="bbox 137 4711 1411 4787; baseline -0.005 -13"><span class='ocrx_word' id='word_1_415' title='bbox 137 4715 160 4781; x_wconf 77' lang='lat'>²)</span> <span class='ocrx_word' id='word_1_416' title='bbox 181 4721 284 4774; x_wconf 88' lang='lat' dir='ltr'>Scilicet</span> <span class='ocrx_word' id='word_1_417' title='bbox 303 4720 347 4772; x_wconf 90' lang='lat' dir='ltr'>Or.</span> <span class='ocrx_word' id='word_1_418' title='bbox 366 4723 415 4784; x_wconf 90' lang='grc'><strong>20,</strong></span> <span class='ocrx_word' id='word_1_419' title='bbox 436 4723 470 4772; x_wconf 89' lang='grc'>10</span> <span class='ocrx_word' id='word_1_420' title='bbox 494 4721 612 4786; x_wconf 84' lang='lat' dir='ltr'>princeps</span> <span class='ocrx_word' id='word_1_421' title='bbox 632 4721 711 4771; x_wconf 86' lang='lat' dir='ltr'>officii</span> <span class='ocrx_word' id='word_1_422' title='bbox 736 4721 896 4787; x_wconf 88' lang='lat' dir='ltr'>proconsulis</span> <span class='ocrx_word' id='word_1_423' title='bbox 920 4721 1037 4772; x_wconf 82' lang='lat' dir='ltr'>Achaiae</span> <span class='ocrx_word' id='word_1_424' title='bbox 1062 4721 1156 4772; x_wconf 87' lang='lat' dir='ltr'>dicitur</span> <span class='ocrx_word' id='word_1_425' title='bbox 1174 4735 1229 4772; x_wconf 89' lang='lat' dir='ltr'>esse</span> <span class='ocrx_word' id='word_1_426' title='bbox 1250 4711 1296 4770; x_wconf 80' lang='lat' dir='ltr'>‘de</span> <span class='ocrx_word' id='word_1_427' title='bbox 1320 4719 1411 4770; x_wconf 88' lang='lat' dir='ltr'>eodem</span> 
     </span>
     <span class='ocr_line' id='line_1_42' title="bbox 83 4803 965 4880; baseline 0.008 -23"><span class='ocrx_word' id='word_1_428' title='bbox 83 4803 190 4874; x_wconf 84' lang='lat' dir='ltr'>olficio&#39;;</span> <span class='ocrx_word' id='word_1_429' title='bbox 210 4815 372 4878; x_wconf 82' lang='lat' dir='ltr'>magistratus</span> <span class='ocrx_word' id='word_1_430' title='bbox 392 4820 477 4864; x_wconf 86' lang='lat' dir='ltr'>autem</span> <span class='ocrx_word' id='word_1_431' title='bbox 497 4815 541 4880; x_wconf 90' lang='lat' dir='ltr'>qui</span> <span class='ocrx_word' id='word_1_432' title='bbox 561 4815 716 4880; x_wconf 89' lang='lat' dir='ltr'>praecedunt</span> <span class='ocrx_word' id='word_1_433' title='bbox 735 4815 851 4879; x_wconf 90' lang='lat' dir='ltr'>principe</span> <span class='ocrx_word' id='word_1_434' title='bbox 870 4820 965 4864; x_wconf 86' lang='lat' dir='ltr'>carent.</span> 
     </span>
    </p>

    <p class='ocr_par' dir='ltr' id='par_1_9' title="bbox 84 4897 1412 5337">
     <span class='ocr_line' id='line_1_43' title="bbox 137 4897 1411 4970; baseline 0.002 -16"><span class='ocrx_word' id='word_1_435' title='bbox 137 4900 161 4964; x_wconf 81' lang='lat'>³)</span> <span class='ocrx_word' id='word_1_436' title='bbox 179 4904 220 4954; x_wconf 88' lang='lat' dir='ltr'>Ita</span> <span class='ocrx_word' id='word_1_437' title='bbox 239 4905 299 4956; x_wconf 87' lang='lat' dir='ltr'>Occ.</span> <span class='ocrx_word' id='word_1_438' title='bbox 315 4907 357 4969; x_wconf 89' lang='grc'><strong>32,</strong></span> <span class='ocrx_word' id='word_1_439' title='bbox 373 4908 406 4957; x_wconf 88' lang='grc'>61</span> <span class='ocrx_word' id='word_1_440' title='bbox 427 4908 485 4956; x_wconf 88' lang='lat' dir='ltr'>duci</span> <span class='ocrx_word' id='word_1_441' title='bbox 506 4906 658 4956; x_wconf 90' lang='lat' dir='ltr'>Pannoniae</span> <span class='ocrx_word' id='word_1_442' title='bbox 676 4908 802 4958; x_wconf 89' lang='lat' dir='ltr'>secundae</span> <span class='ocrx_word' id='word_1_443' title='bbox 821 4909 897 4957; x_wconf 87' lang='lat' dir='ltr'>datur</span> <span class='ocrx_word' id='word_1_444' title='bbox 913 4897 1044 4970; x_wconf 88' lang='lat' dir='ltr'>‘princeps</span> <span class='ocrx_word' id='word_1_445' title='bbox 1064 4905 1095 4954; x_wconf 89' lang='lat' dir='ltr'>de</span> <span class='ocrx_word' id='word_1_446' title='bbox 1115 4907 1206 4956; x_wconf 87' lang='lat' dir='ltr'>eodem</span> <span class='ocrx_word' id='word_1_447' title='bbox 1226 4898 1323 4955; x_wconf 79' lang='lat' dir='ltr'>officio’</span> <span class='ocrx_word' id='word_1_448' title='bbox 1343 4905 1411 4966; x_wconf 87' lang='lat' dir='ltr'>(eum</span> 
     </span>
     <span class='ocr_line' id='line_1_44' title="bbox 84 4987 1412 5063; baseline 0.005 -22"><span class='ocrx_word' id='word_1_449' title='bbox 84 4995 211 5060; x_wconf 83' lang='lat' dir='ltr'>excipiunt</span> <span class='ocrx_word' id='word_1_450' title='bbox 231 4997 278 5058; x_wconf 89' lang='grc'><strong>33,</strong></span> <span class='ocrx_word' id='word_1_451' title='bbox 300 4999 333 5047; x_wconf 84' lang='grc'>67</span> <span class='ocrx_word' id='word_1_452' title='bbox 356 4988 486 5063; x_wconf 78' lang='lat' dir='ltr'>‘princeps</span> <span class='ocrx_word' id='word_1_453' title='bbox 512 4999 544 5048; x_wconf 91' lang='lat' dir='ltr'>de</span> <span class='ocrx_word' id='word_1_454' title='bbox 567 5001 657 5048; x_wconf 89' lang='lat' dir='ltr'>eodem</span> <span class='ocrx_word' id='word_1_455' title='bbox 682 4995 777 5049; x_wconf 81' lang='lat' dir='ltr'>officio&#39;</span> <span class='ocrx_word' id='word_1_456' title='bbox 810 4999 882 5048; x_wconf 88' lang='lat' dir='ltr'>ducis</span> <span class='ocrx_word' id='word_1_457' title='bbox 894 4999 1016 5048; x_wconf 83' lang='lat' dir='ltr'>Valeriae</span> <span class='ocrx_word' id='word_1_458' title='bbox 1041 5005 1067 5046; x_wconf 93' lang='lat' dir='ltr'>et</span> <span class='ocrx_word' id='word_1_459' title='bbox 1087 4999 1135 5059; x_wconf 77' lang='lat'>34,</span> <span class='ocrx_word' id='word_1_460' title='bbox 1160 4999 1194 5047; x_wconf 71' lang='lat'>«16</span> <span class='ocrx_word' id='word_1_461' title='bbox 1223 4987 1352 5062; x_wconf 80' lang='lat' dir='ltr'>‘princeps</span> <span class='ocrx_word' id='word_1_462' title='bbox 1380 4999 1412 5047; x_wconf 88' lang='lat' dir='ltr'>de</span> 
     </span>
     <span class='ocr_line' id='line_1_45' title="bbox 85 5079 1411 5156; baseline 0.005 -23"><span class='ocrx_word' id='word_1_463' title='bbox 85 5085 171 5138; x_wconf 88' lang='lat' dir='ltr'>eodem</span> <span class='ocrx_word' id='word_1_464' title='bbox 190 5081 307 5152; x_wconf 87' lang='lat' dir='ltr'>corpore&#39;</span> <span class='ocrx_word' id='word_1_465' title='bbox 326 5091 398 5140; x_wconf 90' lang='lat' dir='ltr'>ducis</span> <span class='ocrx_word' id='word_1_466' title='bbox 411 5089 563 5142; x_wconf 87' lang='lat' dir='ltr'>Pannoniae</span> <span class='ocrx_word' id='word_1_467' title='bbox 583 5089 702 5156; x_wconf 82' lang='lat' dir='ltr'>primae);</span> <span class='ocrx_word' id='word_1_468' title='bbox 727 5092 788 5140; x_wconf 88' lang='lat' dir='ltr'>item</span> <span class='ocrx_word' id='word_1_469' title='bbox 809 5093 852 5152; x_wconf 87' lang='lat'>38,</span> <span class='ocrx_word' id='word_1_470' title='bbox 871 5095 900 5140; x_wconf 91' lang='lat'>11</span> <span class='ocrx_word' id='word_1_471' title='bbox 923 5092 982 5140; x_wconf 87' lang='lat' dir='ltr'>duci</span> <span class='ocrx_word' id='word_1_472' title='bbox 1000 5090 1119 5156; x_wconf 86' lang='lat' dir='ltr'>Belgicae</span> <span class='ocrx_word' id='word_1_473' title='bbox 1139 5090 1265 5140; x_wconf 87' lang='lat' dir='ltr'>secundae</span> <span class='ocrx_word' id='word_1_474' title='bbox 1281 5079 1411 5154; x_wconf 81' lang='lat' dir='ltr'>‘princeps</span> 
     </span>
     <span class='ocr_line' id='line_1_46' title="bbox 86 5173 1411 5248; baseline 0.002 -20"><span class='ocrx_word' id='word_1_475' title='bbox 86 5190 116 5225; x_wconf 82' lang='lat' dir='ltr'>er</span> <span class='ocrx_word' id='word_1_476' title='bbox 134 5181 222 5232; x_wconf 90' lang='lat' dir='ltr'>eodem</span> <span class='ocrx_word' id='word_1_477' title='bbox 241 5178 366 5246; x_wconf 89' lang='lat' dir='ltr'>corpore’,</span> <span class='ocrx_word' id='word_1_478' title='bbox 386 5198 443 5232; x_wconf 91' lang='lat' dir='ltr'>cum</span> <span class='ocrx_word' id='word_1_479' title='bbox 463 5184 487 5233; x_wconf 90' lang='lat' dir='ltr'>ei</span> <span class='ocrx_word' id='word_1_480' title='bbox 500 5184 544 5248; x_wconf 92' lang='lat' dir='ltr'>qui</span> <span class='ocrx_word' id='word_1_481' title='bbox 557 5184 686 5247; x_wconf 87' lang='lat' dir='ltr'>praecedit</span> <span class='ocrx_word' id='word_1_482' title='bbox 704 5183 763 5232; x_wconf 86' lang='lat' dir='ltr'>duci</span> <span class='ocrx_word' id='word_1_483' title='bbox 781 5184 900 5248; x_wconf 89' lang='lat' dir='ltr'>princeps</span> <span class='ocrx_word' id='word_1_484' title='bbox 921 5183 1047 5232; x_wconf 88' lang='lat' dir='ltr'>tribuatur</span> <span class='ocrx_word' id='word_1_485' title='bbox 1065 5173 1109 5232; x_wconf 79' lang='lat' dir='ltr'>‘es</span> <span class='ocrx_word' id='word_1_486' title='bbox 1127 5181 1219 5232; x_wconf 82' lang='lat' dir='ltr'>officiis</span> <span class='ocrx_word' id='word_1_487' title='bbox 1232 5181 1411 5247; x_wconf 84' lang='lat' dir='ltr'>magistrorum</span> 
     </span>
     <span class='ocr_line' id='line_1_47' title="bbox 85 5264 422 5337; baseline 0.024 -21"><span class='ocrx_word' id='word_1_488' title='bbox 85 5271 188 5323; x_wconf 85' lang='lat' dir='ltr'>militnm</span> <span class='ocrx_word' id='word_1_489' title='bbox 207 5264 422 5337; x_wconf 83' lang='lat' dir='ltr'>praesentalium&#39;.</span> 
     </span>
    </p>
   </div>
   <div class='ocr_carea' id='block_1_6' title="bbox 0 0 1695 5926">
    <p class='ocr_par' dir='ltr' id='par_1_10' title="bbox 0 0 1695 5926">
     <span class='ocr_line' id='line_1_48' title="bbox 0 0 1695 5926; baseline 0 0"><span class='ocrx_word' id='word_1_490' title='bbox 0 0 1695 5926; x_wconf 95' lang='lat' dir='ltr'> </span> 
     </span>
    </p>
   </div>
  </div>
 </body>
</html>
