3348 5926
323 565 395 638 602
773 585 1050 638 sunrnnnsnna
1077 585 1162 636 von.
1182 585 1225 636 ιιι
1568 587 1613 636 roe
1660 659 1661 664 Ἰ

732 687 897 696 --.-.,
906 689 1036 696 ...-...-.-

325 758 397 836 175)
420 757 519 818 consol
533 761 635 835 foetos
658 771 738 831 esset,
759 763 818 818 niet
839 764 869 819 in
888 759 1041 818 Marianos
1057 759 1220 818 consolatus
1242 758 1285 834 (a.
1297 778 1327 816 u.
1343 777 1369 817 c.
1384 757 1552 834 650-654)
1570 763 1619 815 etir
1660 775 1661 780 ¹

322 879 371 920 eos
390 865 535 937 petitionis
557 866 707 938 oopnatioa
729 864 884 932 incidisset,
907 881 973 920 cam
996 863 1173 939 praesertim
1195 861 1311 937 legatus
1335 863 1378 919 ita
1395 860 1471 919 nude
1486 861 1621 920 dietusnon

322 965 481 1024 conveniat
503 964 561 1023 nisi
584 965 696 1023 liberae
719 965 760 1022 rei
783 965 920 1042 publicae
936 965 1121 1041 temporibus
1134 959 1174 1040 ²).
1212 962 1359 1022 Fortasse
1375 964 1463 1020 etiam
1480 960 1514 1036 Q.
1530 962 1622 1038 Pompei
1660 969 1661 1040 ᾗ

322 1064 391 1125 Rufi
414 1084 476 1125 cos.
500 1087 524 1124 a.
543 1065 602 1126 666
626 1085 721 1142 eoque
744 1085 823 1124 anno
846 1067 927 1126 caesi
951 1075 1080 1126 statuam
1103 1067 1181 1125 idem
1206 1067 1337 1142 Agasias
1359 1065 1488 1142 sculpsit
1508 1064 1551 1140 (cl.
1569 1066 1625 1122 intra
1660 1043 1661 1056 ³

321 1167 473 1244 n.1424).
513 1166 644 1242 Quinam
668 1179 766 1228 autem
788 1169 878 1228 fuerit
899 1171 950 1246 qui
973 1169 1028 1226 hoc
1051 1169 1137 1227 titulo
1161 1169 1326 1228 honoratur
1347 1175 1379 1227 et
1399 1168 1426 1226 is
1441 1167 1509 1244 quid
1523 1167 1624 1225 beneficii

321 1271 352 1330 in
367 1270 491 1330 Italicos
514 1271 683 1344 contulerit,
706 1271 793 1330 uobis
817 1283 877 1329 tum
901 1271 1003 1330 datum
1026 1271 1083 1329 erit
1104 1271 1190 1342 scire,
1213 1289 1279 1328 curn
1303 1269 1381 1329 torte
1402 1269 1521 1328 fortuna
1539 1270 1626 1344 reliqua

320 1373 398 1432 tituli
422 1391 492 1450 pars
515 1373 671 1450 prodierit.
710 1371 817 1434 Statua
838 1374 909 1432 haec
929 1373 1085 1431 bellatoris
1101 1372 1306 1432 occumbentis
1322 1389 1502 1449 quamquam
1517 1372 1625 1430 nudeesr

320 1495 416 1552 neque
439 1477 482 1534 ita
503 1486 686 1552 comparata,
710 1485 742 1534 ut
764 1477 978 1534 honoratorum
994 1475 1125 1534 virorum
1142 1475 1288 1550 imagines
1304 1475 1406 1552 effingi
1423 1475 1528 1545 solent,
1548 1473 1624 1532 nihilo

320 1579 419 1638 minus
442 1578 546 1638 ducem
570 1578 700 1654 aliquem
724 1579 831 1635 aetatis
853 1577 935 1636 illius
958 1584 1163 1654 repraesentet
1186 1593 1308 1638 neeesse
1336 1585 1383 1636 est
1412 1577 1570 1654 (comparat
1585 1575 1624 1633 lin

320 1682 424 1739 bertus
447 1689 548 1739 noster
569 1687 699 1740 statuam
723 1680 851 1740 similem
874 1679 944 1738 item
970 1679 1039 1738 Deli
1063 1688 1212 1755 repertam
1235 1676 1269 1738 C.
1287 1677 1393 1739 Oicllii
1410 1679 1450 1738 hl.
1471 1679 1491 1737 f.
1507 1678 1571 1736 Feri
1588 1677 1624 1734 adi·

320 1791 380 1840 tam
405 1782 473 1840 dall.
495 1784 528 1840 de
550 1801 624 1842 corr.
641 1783 741 1840 letto
765 1803 792 1860 p.
811 1782 886 1858 391)
909 1799 1035 1857 eumque
1057 1783 1151 1840 civem
1168 1781 1353 1853 Romanum3
1376 1801 1445 1840 nam
1469 1778 1577 1840 Graeco
1593 1781 1623 1837 ho·

320 1885 391 1943 rnini
414 1885 505 1961 legati
529 1885 718 1958 vocabulum,
741 1885 831 1943 modo
853 1885 883 1942 id
905 1892 984 1944 recte
1000 1885 1169 1942 restitutum
1186 1883 1235 1956 sit,
1258 1902 1364 1960 parum
1381 1887 1527 1944 conuenit.
1560 1883 1623 1941 Bene·

321 1987 420 2046 ficium
443 2006 502 2064 quo
525 1988 577 2064 qui
600 1987 765 2045 honoratur
787 1987 910 2046 Italicos
934 1987 1049 2057 affecit,
1075 1985 1263 2044 coniunctum
1284 1986 1417 2046 sortasse
1440 2005 1505 2045 cum
1527 1986 1580 2044 eius
1599 1985 1626 2040 in

321 2089 495 2148 tariectione
518 2087 547 2146 in
571 2089 687 2165 proelio
708 2089 820 2166 aliquo,
844 2088 1006 2148 verisimile
1022 2097 1069 2148 est
1084 2097 1220 2166 spectare
1236 2088 1337 2148 adres
1353 2098 1455 2166 gestas
1470 2089 1500 2146 in
1511 2089 1625 2164 Aegipan.

321 2191 388 2250 Hoc
410 2191 487 2250 enim
510 2191 690 2251 effossiones
707 2191 850 2251 Deliacae
873 2193 1116 2250 demonstrarunt
1138 2191 1266 2266 septimo
1289 2191 1372 2248 urbis
1394 2191 1516 2251 saeculo
1529 2189 1624 2249 insnhn

321 2303 474 2371 tamquam
497 2312 653 2354 commune
676 2301 765 2370 caput
787 2294 881 2352 fuisse
896 2293 1069 2352 Italicorum
1092 2293 1123 2351 in
1140 2291 1264 2352 Oriente
1287 2293 1471 2353 versantium
1486 2303 1515 2352 et
1529 2293 1550 2351 si
1563 2310 1622 2368 quen

321 2397 343 2456 ii
358 2397 507 2457 honorare
523 2396 643 2470 vellent,
656 2414 746 2472 saepo
761 2405 890 2456 statuam
906 2395 1092 2455 dedicavisse
1108 2393 1188 2472 apud
1199 2395 1370 2470 Apollinem
1380 2395 1510 2456 Delium.
1538 2393 1620 2453 Addua

321 2499 437 2558 titulum
456 2499 611 2558 Deliacum
635 2507 664 2557 et
685 2519 717 2556 re
740 2505 770 2557 et
790 2509 924 2576 tempore
947 2499 985 2556 ab
1008 2499 1065 2556 hoc
1087 2505 1191 2556 nostro
1214 2516 1273 2556 non
1290 2498 1501 2558 abhorrentem
1515 2493 1620 2556 tremeat

321 2611 385 2660 tum
409 2601 445 2660 ab
467 2601 620 2660 Homullio
639 2601 765 2660 Battetin
788 2600 805 2660 8
830 2620 857 2676 p.
874 2601 945 2660 107:
972 2594 1116 2667 Ῥωμαίων
1138 2599 1161 2658 oi
1183 2589 1421 2681 εὖεργετηθὲντες
1443 2591 1576 2680 ναύκληροι
1591 2587 1623 2652 aad

305 2696 435 2787 ’ἔμποροι
457 2701 483 2760 ἒν
505 2705 541 2782 τῇ
562 2694 694 2780 patronive]
716 2693 888 2774 καταλήψει
906 2695 1129 2785 Ἀλεξανδρείας
1151 2702 1192 2776 (a.
1214 2713 1246 2760 at
1267 2701 1385 2760 videtur·
1407 2721 1436 2779 p.
1454 2701 1521 2761 Chr.
1535 2699 1589 2768 tlt,
1605 2719 1623 2752 a

322 2823 348 2864 c.
363 2803 436 2881 628)
459 2799 514 2864 ino*
538 2795 685 2870 βασιλέως
706 2795 881 2870 Πτοὴμαιόυ
904 2801 981 2862 &rod
1001 2795 1158 2886 Erisppirou
1181 2794 1283 2882 Λίχαν
1306 2796 1490 2873 Rei-tepidae
1512 2803 1557 2878 (cl.
1573 2797 1623 2857 Ol

324 2905 377 2965 Gr.
391 2907 488 2984 4896)
511 2903 558 2966 τᾶν
580 2907 713 2984 συγγενῆ
733 2895 881 2972 βασιλέως
895 2895 1072 2974 Πτολεμαίου
1094 2895 1142 2963 καὶ
1156 2896 1339 2976 βασιλίσσης
1352 2896 1534 2989 Κλεοπάτρας
1548 2900 1625 2984 effetis

323 2996 414 3066 ’ἕνεκεν
436 3001 484 3068 aa}
506 3001 671 3094 edaprycot'oe
692 3009 742 3079 τῆς
765 3008 803 3069 εἰς
823 3001 942 3072 {aurudo
963 2999 1132 3068 'Andldrwvu

323 3183 527 3193 ——-—-—.--

383 3312 407 3377 π)
428 3315 468 3366 Ci.
488 3316 565 3367 vohi
585 3331 610 3366 ιι.
627 3315 689 3366 562.
704 3315 765 3366 605.
805 3315 942 3365 Decretum
962 3330 1063 3380 quoque
1081 3313 1262 3378 Gythiensinm
1281 3315 1376 3366 factum
1397 3315 1424 3365 in
1444 3315 1554 3365 honorem
1564 3310 1592 3360 N.
1606 3315 1623 3354 tt

323 3405 361 3458 M.
382 3407 542 3458 Cloatiorum
562 3409 599 3458 M.
618 3408 636 3456 i.
658 3407 751 3469 (Lebas
771 3415 795 3456 et
808 3409 921 3458 Foueart
938 3423 964 3456 ιι.
980 3409 1069 3460 arna:
1091 3407 1274 3471 Dittenbargar
1293 3407 1350 3471 ayll.
1370 3424 1397 3456 n.
1413 3407 1474 3468 255)
1492 3419 1547 3472 qnos
1560 3399 1625 3450 unani·

323 3507 369 3548 nat
387 3487 463 3548 Γάιον
483 3487 582 3548 ludatur
600 3487 755 3568 πρισβιυτιῖν
773 3497 813 3548 καὶ
830 3487 947 3548 lldaleov
963 3489 1098 3566 rtdrpdvnv
1117 3487 1274 3568 πρισβιιτᾶν
1293 3497 1333 3548 καὶ
1348 3488 1476 3558 deditisne·
1492 3477 1624 3564 accedentia

324 3597 350 3640 et
374 3593 424 3657 ipsi
448 3593 561 3642 eiusdem
586 3594 678 3642 aetatis
701 3599 767 3642 sunt.
818 3593 961 3642 Antonium
988 3592 1031 3656 qui
1056 3591 1091 3640 ibi
1116 3592 1264 3641 nominatur
1293 3587 1328 3654 (in
1351 3589 1385 3656 τῷ
1415 3589 1453 3640 ἐπὶ
1475 3581 1627 3658 Τιμιιφειὲεκ

325 3678 435 3747 totenes,
464 3669 504 3733 dea
523 3674 653 3742 Ἀντώνιος
676 3681 832 3752 παρεγένετο)
861 3693 928 3734 reete
942 3684 1162 3749 Waddingtonins
1189 3685 1269 3748 (apud
1288 3683 1444 3735 Foncartum
1468 3684 1483 3733 l.
1496 3683 1524 3742 e.)
1542 3673 1627 3740 negari:

323 3777 699 3842 triumvirumintellegi31ed
719 3793 794 3842 quom
814 3778 949 3841 proposuit
969 3777 998 3828 C.
1020 3777 1163 3827 Antonium
1183 3776 1317 3827 Ciceronis
1336 3779 1363 3827 in
1383 3777 1508 3828 consulatu
1523 3771 1626 3832 collegi!

323 3877 458 3936 propterea
478 3872 588 3934 quodie
608 3872 751 3935 imperante
771 3870 844 3922 Sulla
864 3884 887 3919 a.
900 3871 950 3919 671
972 3871 1000 3919 in
1021 3870 1121 3919 Achaia
1140 3869 1256 3920 Graecos
1275 3871 1391 3932 vexarit,
1418 3885 1471 3920 cnm
1488 3881 1515 3916 eo
1530 3871 1627 3925 tempere

323 3962 441 4012 tribunus
461 3963 569 4012 militnm
589 3963 698 4013 sortasse
717 3970 796 4024 esset,
820 3977 873 4012 non
893 3963 975 4026 magis
995 3963 1030 4012 sic
1048 3961 1178 4012 nominari
1197 3963 1289 4026 potuit.
1327 3963 1412 4012 Immo
1430 3957 1571 4021 intellegitur
1585 3951 1626 4000 tu

324 4055 417 4105 missus
437 4061 527 4104 contra
545 4055 641 4120 piratas
660 4063 704 4104 aut
722 4063 796 4121 pater
808 4055 845 4106 M.
859 4054 991 4105 Antonius
1011 4061 1098 4104 orator
1115 4060 1218 4119 praetor
1238 4069 1284 4118 pro
1304 4055 1408 4106 contule
1427 4069 1449 4103 a
1461 4051 1504 4103 651
1520 4057 1561 4098 aut
1573 4045 1627 4094 filiu

253 4193 256 4200 .
325 4147 362 4197 ld.
377 4147 507 4198 Antonius
527 4147 642 4198 Creticus
662 4162 684 4198 a.
700 4147 762 4212 680,
781 4147 867 4212 potius
886 4153 971 4198 autem
991 4155 1063 4212 pater
1081 4153 1185 4212 propter
1203 4147 1413 4213 orthographiam
1432 4143 1590 4209 andquiuren.
