3348 5926
480 633 590 686 SYRIA
616 632 864 684 PALAESTINA.

369 1027 544 1090 EMMAVS
566 1025 794 1090 NICOPOLIS
818 1025 987 1106 (Ammaia).

62 1234 190 1292 Devictis
213 1234 332 1293 ludaeis
355 1246 385 1294 et
406 1235 513 1295 deletis
532 1233 754 1310 Hierosolymis
768 1233 974 1312 Vespasianus
996 1233 1147 1292 civitatem
1169 1233 1211 1292 ibi
1233 1233 1347 1291 nullam

29 1337 144 1395 condidit
166 1331 213 1412 (οὐ
236 1329 392 1412 κατῴκισεν
414 1333 472 1394 ἐκεῖ
489 1327 600 1412 πόλιν),
627 1337 679 1394 sed
701 1337 907 1395 tantummodo
930 1337 962 1393 in
984 1335 1052 1394 loco
1074 1336 1125 1412 qui
1146 1335 1254 1394 dicitur
1275 1335 1347 1392 Am·

28 1457 99 1496 mans
121 1437 178 1498 LX
205 1439 243 1498 ab
270 1437 496 1516 Hierosolymis
525 1437 629 1497 stadiis
659 1437 769 1496 milites
798 1437 940 1496 dimissos
969 1439 1158 1514 octingentos
1189 1437 1349 1495 collocavit

28 1531 134 1622 (χωριόν
160 1533 264 1598 ε’δονκιν
292 1539 332 1602 εἷς
360 1533 546 1614 κατοίκησιν).
596 1541 682 1600 Haec
710 1540 858 1618 Iosephus
888 1549 948 1598 ant.
970 1540 998 1612 7,
1020 1539 1048 1610 6,
1069 1539 1096 1596 6.
1146 1539 1222 1597 Rem
1252 1538 1348 1614 publi-

27 1659 81 1698 cam
101 1643 182 1701 vicus
205 1644 230 1701 is
254 1645 369 1720 accepit
390 1643 446 1702 sub
467 1643 643 1701 Alexandro
665 1642 783 1700 demum
807 1642 914 1700 dictam
935 1639 1098 1716 Nicopolin
1120 1641 1150 1698 in
1173 1641 1346 1699 memoriam

28 1745 121 1819 opinor
147 1745 290 1803 victoriae
312 1745 374 1804 Titi
404 1746 439 1804 de
466 1745 597 1804 Iudaeis.
647 1736 838 1812 Παλαιστίνης
859 1737 1024 1809 Νικόπολις,
1050 1741 1201 1800 Eusebius
1229 1743 1270 1800 ait
1296 1740 1348 1816 (ad

28 1846 129 1904 aAbr.
154 1845 250 1922 2237)
273 1847 437 1922 compilans
459 1847 650 1918 Africanum,
679 1841 697 1916 η’
718 1835 849 1930 rrpc‘rapov
870 1841 1013 1914 Ἐμμαοῦς
1033 1836 1155 1914 ἐκτίσθη
1181 1836 1263 1906 πᾶλις
1285 1865 1348 1922 πρε-

28 1937 170 2009 σβεύοντος
190 1937 261 2030 ὑπὲρ
283 1943 372 2018 αὐτῆς
393 1938 441 2005 καὶ
454 1939 658 2032 apocatasticus
676 1941 796 2005 'locales
816 1941 993 2030 Ἀφρικανοῦ
1010 1947 1062 2004 τοῦ
1076 1940 1113 2003 τοὶ
1128 1939 1251 2026 χρονικὰ
1275 1967 1350 2022 συγ-

26 2037 255 2130 νριψιψένοοῑ).
304 2049 345 2108 Et
366 2050 485 2109 titulum
507 2049 627 2126 quidem
649 2071 678 2110 n.
698 2049 776 2108 1445
801 2048 964 2107 verisimile
988 2056 1034 2106 est
1055 2047 1226 2106 Alexandro
1248 2055 1349 2124 poste·

26 2151 121 2210 riorem
142 2171 221 2212 esse.
272 2150 386 2211 Contra
412 2153 539 2211 alterum
562 2173 591 2211 n.
610 2152 689 2211 1446
717 2151 892 2210 crediderim
918 2150 1066 2228 pertinere
1092 2151 1129 2209 ad
1156 2149 1285 2226 aliquem
1312 2169 1350 2208 ex

27 2254 191 2331 octingentis
214 2255 275 2313 illis
298 2254 579 2332 Hierosolymorum
602 2253 873 2331 expugnatoribus,
901 2271 1080 2330 quamquam
1108 2253 1193 2310 miles
1220 2253 1262 2325 is,
1289 2270 1349 2310 non

25 2365 171 2416 veteranus
196 2356 383 2434 appellatur3
413 2376 482 2415 nam
508 2357 655 2433 legionem
672 2356 700 2414 V
723 2356 947 2415 Macedonicam
974 2363 1076 2414 notum
1103 2367 1149 2412 est
1176 2362 1206 2412 et
1235 2361 1349 2429 partem

26 2457 107 2516 luisse
133 2459 283 2517 exercitus
310 2459 394 2517 illius
424 2459 554 2518 Iudaeici
581 2468 611 2518 et
637 2458 718 2518 bello
747 2457 832 2516 finito
858 2458 889 2514 in
920 2456 1066 2515 Moesiam
1096 2457 1252 2515 remissam
1281 2472 1349 2514 esse

27 2557 176 2637 (Iosephus
207 2560 278 2620 bell.
301 2561 329 2632 7,
352 2561 469 2636 5,13).
521 2559 597 2620 Vide
622 2561 712 2640 igitur
740 2579 777 2618 ne
805 2558 959 2618 vexillatio
985 2560 1050 2618 eius
1077 2559 1254 2617 remanserit
1279 2557 1349 2616 Em·

28 2672 142 2722 manate.

28 2963 104 3025 1445
130 2963 265 3028 ‘smwas
288 2967 317 3026 in
341 2967 405 3025 basi
428 2967 575 3044 quadrata
596 2985 714 3045 magna,
737 2968 796 3026 iam
819 2967 956 3026 Parisiis.

528 3208 546 3247 a
575 3192 733 3237 ossnvrs
803 3205 818 3236 ι

518 3169 627 3439 {cers
651 3297 690 3338 rr
713 3297 777 3338 run
801 3297 844 3338 ιιιιι

517 3411 546 3441 ιιι
583 3399 614 3440 ιι
640 3398 783 3441 rsvnrs

28 3588 346 3651 clermont-Gannean
367 3601 488 3668 rapport
513 3590 592 3650 1884
614 3610 643 3667 p.
658 3591 697 3649 60
719 3593 802 3670 ligno
824 3591 937 3650 incidit.

63 3693 140 3755 Num
164 3697 207 3755 sit
227 3694 322 3754 fracta
342 3693 431 3768 inira,
453 3713 559 3772 parum
582 3699 708 3752 constat.
912 3685 915 3691 ’

31 3882 227 3896 ··—·-—-.-—-

79 4033 102 4096 ¹)
121 4035 231 4086 Nummi
250 4036 294 4100 qui
312 4040 403 4084 extant
422 4049 479 4083 eum
496 4033 601 4084 nomine
614 4033 760 4100 Nicopolis,
781 4033 846 4084 alter
863 4032 926 4084 anni
939 4032 1017 4084 XLII
1029 4032 1128 4084 liabens
1141 4049 1233 4084 nomen
1247 4033 1356 4085 Traiani

28 4122 168 4177 Germanici
181 4127 282 4190 Daclci,
303 4128 368 4177 alter
385 4127 447 4177 anni
459 4125 566 4176 LXXII
583 4127 658 4177 dirae
676 4127 825 4188 Faustinae,
845 4125 995 4191 plerumque
1009 4125 1069 4176 huic
1083 4127 1178 4192 oppido
1191 4127 1356 4178 Palaestinae

28 4215 173 4276 tribuuntur.
195 4235 286 4284 pamm
304 4225 387 4281 recte3
406 4219 434 4268 id
454 4219 521 4268 enim
541 4227 567 4268 et
579 4219 704 4284 Iosephus
725 4219 818 4269 diserte
837 4219 874 4268 ait
891 4234 919 4268 re
938 4219 1041 4284 publica
1059 4219 1171 4269 carnisse
1188 4225 1213 4268 et
1225 4220 1287 4269 ciris
1301 4219 1356 4268 eius

27 4307 160 4362 Alricanus
179 4311 212 4362 ab
227 4311 379 4362 Alexandro
399 4309 502 4361 demum
521 4311 549 4361 ld
567 4312 607 4360 ius
626 4311 763 4376 accepisse,
783 4325 865 4376 neque
884 4311 954 4360 enim
974 4311 1128 4361 contendere
1148 4310 1238 4360 debuit
1254 4310 1356 4362 Geltze·

26 4413 65 4450 rus
82 4403 154 4464 (Sex.
174 4403 257 4455 Iulius
276 4404 415 4455 Africanus
434 4419 460 4467 p.
475 4399 503 4469 7)
528 4403 612 4454 ιίοιιιιι
630 4419 658 4453 re
677 4401 781 4468 publica
800 4409 929 4454 carentem
948 4419 1000 4453 non
1020 4404 1104 4453 solum
1125 4403 1258 4467 Nicopolis
1281 4417 1358 4452 voca·

26 4491 82 4542 bulo
101 4511 177 4547 usum
197 4511 264 4558 esse,
291 4497 337 4548 sed
355 4496 420 4547 adeo
440 4511 558 4546 nummos
577 4501 709 4560 percutere
728 4497 849 4560 potuisse.
893 4496 976 4545 Immo
1001 4511 1090 4545 verum
1114 4502 1153 4544 est
1177 4494 1247 4560 quod
1271 4493 1357 4543 obser·

27 4587 92 4635 cavit
109 4589 206 4654 Saulcy
231 4589 430 4656 (numismatiqac
455 4587 485 4638 cle
505 4587 532 4638 lu
551 4594 617 4639 terre
636 4589 717 4638 sainte
742 4605 768 4654 p.
785 4587 847 4649 174)
873 4587 1083 4654 confirmavitque
1107 4587 1171 4638 mihi
1195 4600 1358 4636 nummorum

26 4680 191 4740 peritissimus
211 4683 372 4733 existimator
390 4681 553 4732 Holmannus
572 4680 715 4743 Parisinus,
740 4682 853 4746 priorem
873 4686 940 4730 certe
960 4696 1093 4730 nummum
1111 4684 1216 4745 propter
1234 4677 1358 4728 fabricam

26 4771 220 4825 abiudicundum
241 4790 296 4826 esre
309 4774 471 4826 Palaestinae
491 4781 517 4823 et
535 4789 596 4838 prae
616 4789 644 4825 se
662 4774 729 4824 ferre
748 4774 858 4840 patriam
876 4779 920 4824 ant
934 4773 1086 4822 Armeniam
1100 4778 1144 4821 aut
1157 4770 1358 4834 Commagenen.

27 4865 139 4929 Accedit,
160 4867 228 4932 quod
247 4869 285 4918 ita
304 4882 348 4918 era
365 4873 433 4917 recte
453 4867 603 4931 expeditum
623 4881 684 4917 nam
703 4866 736 4916 ab
755 4879 779 4916 a.
791 4883 816 4932 p.
829 4865 889 4916 Chr.
906 4866 938 4914 71
959 4864 1067 4922 (scilieet
1086 4863 1118 4914 ab
1136 4861 1269 4924 autumno)
1289 4859 1360 4925 Κομ-

27 4956 124 5020 μαγηνο1
147 4956 189 5007 καὶ
207 4957 369 5026 Σαμοοατιῒς
390 4946 448 5016 reric
472 4955 561 5008 tamar
586 4953 728 5026 ἀριθμοῢσι
752 4945 863 5029 χρὸνοος
887 4955 959 5018 (Chr.
980 4956 1072 5006 Pasch.
1093 4973 1118 5020 p.
1132 4955 1200 5015 4643
1224 4952 1359 5004 aethela

28 5061 50 5107 Ρ·
65 5049 137 5112 252).
180 5051 272 5104 Fuisse
290 5053 345 5103 eius
364 5052 477 5104 nominis
500 5067 555 5102 rem
579 5051 707 5116 publicam
731 5051 759 5100 in
779 5051 952 5113 Commagene
971 5063 1027 5097 cum
1048 5047 1151 5098 aliunde
1175 5061 1228 5096 non
1253 5050 1360 5107 constet,

28 5139 89 5189 nihil
107 5157 262 5210 magnopere
280 5145 401 5210 impedit,
426 5145 562 5209 quominus
582 5145 619 5193 ibi
639 5159 739 5209 quoque
758 5141 894 5207 Nicopolis
913 5140 1001 5206 aliqua
1023 5139 1114 5202 fuerit,
1139 5144 1286 5202 nuncupata
1308 5137 1360 5186 for·

27 5239 90 5283 tasse
115 5234 148 5286 ab
172 5237 228 5301 ipsa
251 5238 297 5288 illa
320 5237 430 5289 victoria
449 5251 511 5288 sane
536 5251 627 5303 parum
653 5241 771 5298 cruenta,
797 5249 873 5300 quam
897 5235 929 5284 de
954 5247 1013 5298 rege
1038 5231 1168 5284 Antiocho
1187 5228 1362 5294 Vespasianus

28 5336 49 5372 a.
64 5327 97 5374 ta
119 5329 266 5393 reportarit.

1099 5427 1157 5491 40·
