3444 5932
328 569 400 642 154
895 589 1080 644 mommsen

322 763 376 836 ita,
398 771 432 822 ut
454 772 513 822 tam
535 763 733 840 promotionis
755 781 846 840 quam
869 763 1022 822 missionis
1044 763 1197 824 arbitrium
1220 763 1299 840 apud
1325 764 1541 842 imperatorum
1567 764 1643 841 sit¹).

322 865 428 942 Itaque
450 866 501 942 qui
524 883 583 924 nou
605 874 827 941 promoventur,
850 873 971 924 manent
993 865 1119 936 eromti,
1141 865 1235 924 donec
1252 865 1352 925 officio
1366 865 1522 926 solvantur
1536 866 1646 926 iubente

321 967 366 1026 ita
392 968 579 1044 imperatore.
617 966 758 1026 Veterani
780 967 957 1026 vocabulum
985 967 1024 1026 ad
1051 975 1206 1026 evocatum
1233 967 1277 1026 ita
1302 968 1428 1026 missum
1455 985 1526 1028 raro
1551 976 1582 1026 et
1600 968 1645 1025 rix

323 1069 456 1144 legitimo
478 1066 573 1143 usal)
606 1067 744 1138 refertur,
776 1068 829 1128 sed
851 1068 1021 1146 appellatur
1042 1069 1104 1130 lere
1126 1087 1159 1126 cc
1180 1079 1301 1138 evocato,
1331 1085 1390 1128 non
1412 1077 1473 1128 tam
1495 1069 1577 1144 quod
1597 1069 1646 1127 hoc

322 1169 501 1230 vocabulum
527 1169 623 1248 magis
648 1169 844 1228 honorificum
874 1177 921 1228 est
953 1168 1041 1244 (nam
1068 1170 1199 1228 veterani
1229 1169 1318 1230 etiam
1346 1170 1538 1230 centuriones
1567 1181 1646 1239 recte,

322 1289 506 1348 quamquum
529 1291 589 1330 non
610 1272 782 1348 frequenter
804 1270 1006 1349 appellantur)
1033 1290 1123 1348 quem
1149 1272 1188 1330 ob
1214 1271 1339 1332 eandem
1366 1290 1504 1345 causam,
1534 1279 1647 1350 propter

322 1391 412 1449 quam
438 1374 596 1448 stipendiis
623 1373 734 1432 salaria
760 1372 979 1432 substituuntur
1008 1383 1038 1432 et
1064 1373 1177 1450 caligae
1205 1375 1366 1450 opponitur
1391 1373 1543 1445 ercutio,
1576 1373 1646 1450 quod

322 1475 410 1533 civile
435 1474 566 1534 officium
598 1475 698 1551 potius
731 1474 875 1534 sustinuit
900 1492 988 1551 quam
1022 1485 1184 1534 castrense.
1234 1474 1282 1534 Ne
1312 1475 1342 1533 in
1375 1475 1511 1552 praemia
1535 1474 1647 1551 quidem

322 1583 529 1634 veteranorum
552 1585 676 1635 evocato
698 1575 824 1636 dimisso
846 1577 893 1636 ius
916 1576 1009 1634 finisse
1030 1577 1192 1636 verisimile
1213 1587 1269 1647 est,
1293 1596 1357 1636 cum
1381 1579 1412 1636 in
1433 1595 1536 1635 eorum
1556 1577 1645 1636 locum

322 1677 540 1754 quodammodo
562 1678 733 1738 succederet
753 1679 845 1738 officii
867 1679 1052 1754 perpetratio
1074 1697 1141 1736 cum
1158 1697 1212 1756 spe
1227 1679 1342 1738 ordinis
1358 1679 1528 1750 coniuncta;
1552 1697 1647 1754 quam·

322 1797 412 1855 qnam
440 1779 504 1838 sine
526 1779 616 1838 dubio
644 1780 709 1838 sire
734 1780 800 1856 lege
827 1779 890 1838 sive
917 1781 1015 1856 gratie
1041 1779 1177 1840 effectum
1205 1789 1263 1853 est,
1293 1790 1326 1838 ut
1347 1789 1489 1839 evocatus
1512 1779 1646 1838 dimissus

323 1879 443 1957 aliquod
466 1881 588 1940 militiae
609 1882 772 1956 praemium
793 1891 824 1940 et
846 1882 924 1940 vitae
945 1882 1080 1958 reliquae
1102 1882 1301 1940 adiumentum
1324 1882 1463 1940 auferret.

364 1982 488 2040 Evocati
511 2001 577 2040 cum
600 1982 663 2041 fere
685 2001 724 2042 ex
747 1983 945 2058 praetorianis
961 1983 1151 2060 eligerentur,
1172 1985 1210 2041 iis
1233 1983 1359 2042 sublatis
1376 1983 1532 2059 antiquum
1557 1982 1647 2041 locum

322 2085 353 2143 in
374 2103 407 2142 re
433 2084 556 2160 publica
581 2084 709 2142 retinere
735 2102 794 2142 non
821 2093 993 2160 potuerunt,
1023 2102 1119 2160 neque
1145 2094 1260 2154 tamen,
1289 2093 1322 2142 nt
1345 2093 1449 2143 censet
1471 2082 1647 2146 Schmidtius

322 2204 352 2261 p.
366 2185 436 2258 353,
458 2203 523 2244 cum
543 2185 580 2244 iis
595 2186 780 2258 interierunt,
803 2185 855 2244 sed
871 2193 1047 2244 manserunt
1061 2186 1260 2262 aliquatenus,
1282 2186 1350 2244 lecti
1366 2186 1480 2244 scilicet
1494 2205 1534 2245 ex
1549 2186 1648 2244 cohor·

322 2287 401 2344 tibus
427 2285 564 2359 urbanis,
598 2291 686 2346 etiam
713 2295 781 2361 post
807 2288 907 2345 urbem
930 2285 1057 2344 Romam
1084 2288 1192 2346 factam
1215 2285 1468 2363 christisnsmt).
1522 2285 1648 2363 Negotia

323 2398 421 2446 tamen
444 2386 514 2444 olim
542 2407 668 2464 percos
691 2397 796 2447 curata
816 2399 923 2465 quarto
946 2387 1065 2448 saeculo
1087 2389 1127 2448 ad
1148 2388 1248 2448 cilicia
1268 2389 1458 2465 potissimum
1481 2387 1646 2467 praesidum

323 2499 353 2549 et
374 2490 480 2548 ducum
503 2490 650 2550 nonslata
672 2497 749 2550 sunt.

407 3061 573 3122 XXXVII.
617 3061 913 3123 IVSIVRANDVM
941 3061 986 3121 IN
1014 3061 1048 3122 C.
1073 3061 1301 3123 CAESAREM
1323 3062 1569 3124 Avdvstvtt.

365 3270 561 3348 Norantiqua
585 3281 798 3350 componentur
825 3276 882 3332 hoc
906 3276 1149 3334 commentariolo
1176 3294 1235 3334 non
1262 3283 1322 3333 tam
1349 3275 1552 3334 illustratione
1576 3275 1647 3332 indi-

323 3375 424 3451 gentia
444 3393 532 3450 quam
555 3376 705 3448 iunctura3
728 3377 796 3453 ipsa
810 3377 886 3433 enim
909 3395 963 3453 pro
979 3376 1179 3434 illustratione
1194 3377 1259 3434 erit.
1293 3375 1437 3434 Tabellas
1453 3395 1563 3434 aeneae
1584 3393 1646 3450 pro·

324 3476 442 3534 dierunt
467 3476 558 3548 duae,
582 3478 678 3536 altera
704 3497 730 3534 a.
751 3477 828 3536 1659
856 3478 886 3535 in
912 3477 1071 3536 Lusitania
1097 3479 1135 3536 ad
1158 3478 1275 3554 Tagum
1302 3495 1416 3535 amnem
1444 3494 1538 3554 snpra
1561 3476 1645 3535 Olisi-

322 3595 430 3654 ponem
457 3573 592 3636 extracta
619 3599 658 3638 ex
685 3579 841 3637 ruderibus
868 3579 970 3656 oppidi
1000 3599 1068 3636 raro
1095 3579 1249 3637 memorati
1271 3579 1377 3649 Aristi,
1405 3578 1502 3636 altera
1527 3597 1553 3635 a.
1571 3578 1642 3636 1881

209 3721 214 3730 .
324 3679 396 3736 Asai
420 3679 450 3736 in
473 3679 605 3752 Troade,
634 3680 703 3736 dum
726 3679 897 3738 Americani
919 3681 961 3738 ibi
982 3681 1106 3756 antiqua
1126 3681 1236 3738 rudera
1257 3680 1431 3755 explorant;
1459 3679 1512 3737 illa
1534 3679 1644 3746 Latina,

324 3779 398 3838 haec
420 3779 551 3852 Graecs3
578 3781 633 3838 illa
654 3781 810 3840 notissima
837 3789 866 3838 et
893 3797 984 3855 saepe
1005 3781 1085 3839 edita
1109 3779 1215 3855 ((1.11,
1241 3781 1298 3840 172
1321 3779 1408 3856 cet),
1437 3781 1513 3838 haec
1541 3779 1645 3857 publici
1715 3809 1716 3826 ι

324 3951 527 3961 ι---.

384 4059 407 4122 ¹)
432 4063 464 4112 Id
493 4063 526 4112 ad
549 4063 711 4114 centuriones
734 4078 835 4128 quoque
860 4063 1022 4128 aliquatenus
1044 4063 1169 4128 pervenit.
1215 4061 1320 4114 scillcet
1342 4077 1400 4112 cum
1424 4063 1570 4114 missionm
1593 4063 1644 4110 iure

324 4153 454 4219 postulent
471 4154 624 4219 quicumque
643 4169 690 4220 per
708 4163 803 4204 certum
822 4171 948 4205 annorum
967 4169 1101 4204 numerum
1120 4155 1147 4203 iu
1166 4154 1257 4203 ordine
1276 4154 1427 4216 militarunt,
1449 4156 1471 4204 is
1490 4169 1588 4220 quoqne
1605 4153 1644 4218 qui

324 4260 371 4309 per
390 4260 434 4294 eos
453 4261 534 4296 annor
553 4247 757 4296 centurionatum
776 4247 911 4296 adsecutus
930 4253 968 4296 est
986 4261 1043 4296 cunr
1068 4245 1174 4309 reliquis
1199 4245 1295 4294 dimitti
1318 4251 1414 4309 potest,
1439 4261 1487 4296 nec
1510 4246 1598 4295 desum
1619 4245 1643 4292 in
1714 4313 1715 4316 1

325 4338 475 4387 missionum
495 4337 654 4387 documentis
673 4351 739 4402 quae
757 4338 902 4402 pertineant
920 4338 952 4386 ad
973 4337 1133 4388 centuriones
1153 4336 1195 4398 (ci.
1211 4337 1240 4386 G.
1252 4337 1294 4386 111
1312 4353 1337 4400 p.
1352 4337 1415 4386 914.
1436 4337 1509 4399 915).
1540 4335 1590 4388 sert
1604 4333 1643 4384 ubi
1714 4319 1715 4398 1

324 4429 449 4478 insitante
468 4427 584 4493 principe
603 4429 717 4478 centurio
731 4443 746 4478 a
759 4429 881 4478 missione
893 4428 1046 4490 abstinebat,
1066 4428 1094 4477 id
1107 4428 1176 4492 quod
1189 4443 1265 4492 saepe
1278 4428 1374 4478 famum
1388 4443 1444 4478 esse
1456 4435 1567 4494 apparet,
1587 4441 1643 4476 con·

325 4521 394 4570 dicio
413 4521 504 4570 similis
523 4517 601 4568 tiebat
619 4522 727 4580 evocati,
748 4522 899 4584 videturque
917 4521 1010 4570 militia
1028 4522 1065 4570 tta
1083 4527 1200 4584 suscepta
1217 4519 1273 4569 iure
1291 4525 1414 4584 perpetus
1432 4519 1523 4582 fuisse,
1548 4525 1573 4567 ut
1595 4531 1643 4567 non

324 4613 466 4662 solveretur
489 4611 539 4661 nisi
563 4619 608 4660 aut
629 4613 791 4675 promotione
815 4619 859 4661 ant
883 4613 1018 4661 arbitraria
1041 4612 1170 4661 missione.
1216 4611 1284 4660 Hinc
1307 4612 1413 4660 omuino
1437 4611 1558 4675 originem
1580 4609 1644 4672 oepit

325 4717 418 4768 corpus
436 4703 499 4752 illud
519 4701 588 4768 quod
608 4717 686 4766 supra
704 4705 833 4768 tetigimus
851 4703 1047 4767 primipilarium
1068 4703 1210 4752 vacandum
1230 4703 1257 4752 in
1276 4703 1398 4752 comitatu
1417 4701 1573 4766 imperatoris
1586 4713 1642 4748 con·

325 4795 478 4844 stitntorum.
516 4795 645 4844 Nimirum
664 4795 779 4844 centurio
798 4795 824 4843 iu
843 4795 930 4844 officio
949 4809 1056 4844 maneus
1075 4795 1197 4844 missione
1215 4794 1311 4844 omissa
1329 4809 1388 4843 cum
1407 4795 1484 4842 solito
1502 4792 1589 4842 ordine
1610 4789 1642 4838 ad
1713 4803 1714 4862 1

325 4886 510 4951 primipilatum
528 4885 700 4950 pervenisset,
726 4900 910 4950 saepenumero
930 4887 1030 4936 ridetur
1048 4901 1131 4950 neque
1149 4900 1206 4934 enm
1226 4885 1311 4934 locum
1335 4883 1380 4933 diu
1403 4884 1542 4934 obtiuuisse
1562 4893 1642 4944 neque
1713 4863 1714 4890 ¹

325 4979 411 5029 statim
430 4983 562 5043 promotus
582 4991 646 5038 esse,
666 4977 711 5026 sed
730 4977 832 5027 interim
851 4978 878 5026 in
898 4978 1019 5028 comitatu
1038 4978 1160 5042 principis
1179 4982 1300 5026 retentus.

383 5067 407 5130 ²)
428 5068 488 5119 Duo
507 5070 627 5133 exempla
654 5069 718 5119 mihi
745 5075 808 5119 nota
825 5070 938 5118 octenni
960 5085 990 5119 aa
1012 5077 1114 5120 euocato
1141 5069 1241 5129 c.V1‚
1267 5067 1338 5118 34³0
1367 5073 1394 5117 et
1416 5065 1527 5118 veterani
1548 5061 1642 5113 croculi

327 5159 415 5225 (supra
433 5176 458 5224 p.
476 5162 526 5212 145
547 5179 571 5211 n.
587 5160 613 5221 1)
634 5162 725 5211 aetatis
744 5160 847 5210 intimae
865 5168 925 5212 sunt
942 5169 968 5211 et
986 5161 1138 5212 auctoritate
1156 5160 1286 5210 destituta.

384 5248 409 5312 ⁸)
429 5251 458 5302 C.
474 5253 520 5315 VI,
542 5254 622 5302 2870.
