<?xml version="1.0" encoding="UTF-8"?>
<!DOCTYPE html PUBLIC "-//W3C//DTD XHTML 1.0 Transitional//EN"
    "http://www.w3.org/TR/xhtml1/DTD/xhtml1-transitional.dtd">
<html xmlns="http://www.w3.org/1999/xhtml" xml:lang="en" lang="en">
 <head>
  <title>
</title>
<meta http-equiv="Content-Type" content="text/html;charset=utf-8" />
  <meta name='ocr-system' content='tesseract 3.04.00' />
  <meta name='ocr-capabilities' content='ocr_page ocr_carea ocr_par ocr_line ocrx_word'/>
</head>
<body>
  <div class='ocr_page' id='page_1' title='image "./ephemerisepigra11instgoog_0652.png"; bbox 0 0 3348 5926; ppageno 0'>
   <div class='ocr_carea' id='block_1_1' title="bbox 385 521 1355 594">
    <p class='ocr_par' dir='ltr' id='par_1_1' title="bbox 385 521 1355 594">
     <span class='ocr_line' id='line_1_1' title="bbox 385 521 1355 594; baseline 0.003 -3"><span class='ocrx_word' id='word_1_1' title='bbox 385 539 686 593; x_wconf 76' lang='lat' dir='ltr'>onsauvurroaas</span> <span class='ocrx_word' id='word_1_2' title='bbox 713 541 995 594; x_wconf 77' lang='lat' dir='ltr'>urueanrurolu.</span> <span class='ocrx_word' id='word_1_3' title='bbox 1285 521 1355 594; x_wconf 88' lang='grc'>641</span> 
     </span>
    </p>
   </div>
   <div class='ocr_carea' id='block_1_2' title="bbox 43 713 1361 1304">
    <p class='ocr_par' dir='ltr' id='par_1_2' title="bbox 43 713 1361 1304">
     <span class='ocr_line' id='line_1_2' title="bbox 45 713 1360 792; baseline 0.002 -20"><span class='ocrx_word' id='word_1_4' title='bbox 45 713 162 772; x_wconf 75' lang='lat' dir='ltr'>ostendit</span> <span class='ocrx_word' id='word_1_5' title='bbox 182 713 351 790; x_wconf 84' lang='lat' dir='ltr'>exceptoria</span> <span class='ocrx_word' id='word_1_6' title='bbox 374 715 552 791; x_wconf 78' lang='lat' dir='ltr'>chartaeque</span> <span class='ocrx_word' id='word_1_7' title='bbox 575 715 848 792; x_wconf 79' lang='lat' dir='ltr'>commemoratio),</span> <span class='ocrx_word' id='word_1_8' title='bbox 871 718 1009 776; x_wconf 78' lang='lat' dir='ltr'>convenit</span> <span class='ocrx_word' id='word_1_9' title='bbox 1030 736 1097 775; x_wconf 90' lang='lat' dir='ltr'>cum</span> <span class='ocrx_word' id='word_1_10' title='bbox 1118 717 1182 775; x_wconf 90' lang='lat' dir='ltr'>iure</span> <span class='ocrx_word' id='word_1_11' title='bbox 1204 735 1241 775; x_wconf 89' lang='lat' dir='ltr'>ea</span> <span class='ocrx_word' id='word_1_12' title='bbox 1262 725 1360 774; x_wconf 86' lang='lat' dir='ltr'>aetate</span> 
     </span>
     <span class='ocr_line' id='line_1_3' title="bbox 45 815 1360 896; baseline 0.005 -24"><span class='ocrx_word' id='word_1_13' title='bbox 45 823 156 890; x_wconf 89' lang='lat' dir='ltr'>recepto.</span> <span class='ocrx_word' id='word_1_14' title='bbox 192 817 376 886; x_wconf 70' lang='lat' dir='ltr'>Dementiam,</span> <span class='ocrx_word' id='word_1_15' title='bbox 399 817 572 875; x_wconf 88' lang='lat' dir='ltr'>constitutio</span> <span class='ocrx_word' id='word_1_16' title='bbox 595 819 638 875; x_wconf 88' lang='lat' dir='ltr'>ait</span> <span class='ocrx_word' id='word_1_17' title='bbox 654 816 845 877; x_wconf 77' lang='lat' dir='ltr'>Constantini</span> <span class='ocrx_word' id='word_1_18' title='bbox 860 815 1011 896; x_wconf 79' lang='lat' dir='ltr'>magni¹)‚</span> <span class='ocrx_word' id='word_1_19' title='bbox 1033 819 1077 878; x_wconf 87' lang='lat' dir='ltr'>vel</span> <span class='ocrx_word' id='word_1_20' title='bbox 1098 821 1180 895; x_wconf 83' lang='lat' dir='ltr'>apud</span> <span class='ocrx_word' id='word_1_21' title='bbox 1194 823 1360 896; x_wconf 79' lang='lat' dir='ltr'>provincie·</span> 
     </span>
     <span class='ocr_line' id='line_1_4' title="bbox 48 919 1360 998; baseline 0.006 -26"><span class='ocrx_word' id='word_1_22' title='bbox 48 937 99 975; x_wconf 85' lang='lat' dir='ltr'>rum</span> <span class='ocrx_word' id='word_1_23' title='bbox 120 929 235 976; x_wconf 82' lang='lat' dir='ltr'>rectores</span> <span class='ocrx_word' id='word_1_24' title='bbox 257 919 301 976; x_wconf 88' lang='lat' dir='ltr'>cel</span> <span class='ocrx_word' id='word_1_25' title='bbox 321 921 402 994; x_wconf 83' lang='lat' dir='ltr'>apud</span> <span class='ocrx_word' id='word_1_26' title='bbox 426 937 473 977; x_wconf 83' lang='lat' dir='ltr'>eoo</span> <span class='ocrx_word' id='word_1_27' title='bbox 501 919 601 994; x_wconf 81' lang='lat' dir='ltr'>quidue</span> <span class='ocrx_word' id='word_1_28' title='bbox 628 930 753 978; x_wconf 82' lang='lat' dir='ltr'>actorem</span> <span class='ocrx_word' id='word_1_29' title='bbox 779 923 1012 998; x_wconf 80' lang='lat' dir='ltr'>conficiendorum</span> <span class='ocrx_word' id='word_1_30' title='bbox 1037 925 1082 980; x_wconf 84' lang='lat' dir='ltr'>ies</span> <span class='ocrx_word' id='word_1_31' title='bbox 1108 932 1150 980; x_wconf 85' lang='lat' dir='ltr'>est</span> <span class='ocrx_word' id='word_1_32' title='bbox 1176 924 1360 991; x_wconf 83' lang='lat' dir='ltr'>decernimus,</span> 
     </span>
     <span class='ocr_line' id='line_1_5' title="bbox 44 1021 1361 1102; baseline 0.005 -26"><span class='ocrx_word' id='word_1_33' title='bbox 44 1039 72 1078; x_wconf 90' lang='lat' dir='ltr'>ne</span> <span class='ocrx_word' id='word_1_34' title='bbox 87 1023 200 1095; x_wconf 77' lang='lat' dir='ltr'>prio-uta</span> <span class='ocrx_word' id='word_1_35' title='bbox 221 1023 332 1078; x_wconf 84' lang='lat' dir='ltr'>testatio</span> <span class='ocrx_word' id='word_1_36' title='bbox 356 1063 382 1078; x_wconf 94' lang='lat'>..</span> <span class='ocrx_word' id='word_1_37' title='bbox 398 1065 403 1078; x_wconf 93' lang='lat'>.</span> <span class='ocrx_word' id='word_1_38' title='bbox 413 1021 526 1098; x_wconf 81' lang='lat' dir='ltr'>selsam</span> <span class='ocrx_word' id='word_1_39' title='bbox 541 1023 628 1098; x_wconf 81' lang='lat' dir='ltr'>fidem</span> <span class='ocrx_word' id='word_1_40' title='bbox 649 1024 731 1081; x_wconf 82' lang='lat' dir='ltr'>rebus</span> <span class='ocrx_word' id='word_1_41' title='bbox 753 1042 810 1081; x_wconf 87' lang='lat' dir='ltr'>non</span> <span class='ocrx_word' id='word_1_42' title='bbox 828 1027 915 1098; x_wconf 76' lang='lat' dir='ltr'>postia</span> <span class='ocrx_word' id='word_1_43' title='bbox 935 1025 1073 1102; x_wconf 74' lang='lat' dir='ltr'>adfinyet.</span> <span class='ocrx_word' id='word_1_44' title='bbox 1110 1024 1279 1082; x_wconf 86' lang='lat' dir='ltr'>Postulatio</span> <span class='ocrx_word' id='word_1_45' title='bbox 1297 1025 1361 1082; x_wconf 85' lang='lat' dir='ltr'>sive</span> 
     </span>
     <span class='ocr_line' id='line_1_6' title="bbox 43 1121 1360 1201; baseline 0.003 -23"><span class='ocrx_word' id='word_1_46' title='bbox 43 1121 94 1180; x_wconf 89' lang='lat' dir='ltr'>litis</span> <span class='ocrx_word' id='word_1_47' title='bbox 115 1122 295 1180; x_wconf 83' lang='lat' dir='ltr'>denuntiatio</span> <span class='ocrx_word' id='word_1_48' title='bbox 320 1129 416 1182; x_wconf 91' lang='lat' dir='ltr'>atrum</span> <span class='ocrx_word' id='word_1_49' title='bbox 438 1125 491 1181; x_wconf 88' lang='lat' dir='ltr'>fiat</span> <span class='ocrx_word' id='word_1_50' title='bbox 512 1125 647 1199; x_wconf 90' lang='lat' dir='ltr'>partibus</span> <span class='ocrx_word' id='word_1_51' title='bbox 670 1125 878 1201; x_wconf 87' lang='lat' dir='ltr'>praesentibus</span> <span class='ocrx_word' id='word_1_52' title='bbox 901 1143 939 1183; x_wconf 87' lang='lat' dir='ltr'>an</span> <span class='ocrx_word' id='word_1_53' title='bbox 962 1128 1084 1185; x_wconf 85' lang='lat' dir='ltr'>absente</span> <span class='ocrx_word' id='word_1_54' title='bbox 1107 1145 1174 1198; x_wconf 86' lang='lat' dir='ltr'>reo,</span> <span class='ocrx_word' id='word_1_55' title='bbox 1201 1125 1258 1183; x_wconf 87' lang='lat' dir='ltr'>viri</span> <span class='ocrx_word' id='word_1_56' title='bbox 1281 1125 1360 1182; x_wconf 91' lang='lat' dir='ltr'>docti</span> 
     </span>
     <span class='ocr_line' id='line_1_7' title="bbox 43 1222 1361 1304; baseline 0.002 -22"><span class='ocrx_word' id='word_1_57' title='bbox 43 1222 234 1300; x_wconf 76' lang='lat' dir='ltr'>mbigunt²);</span> <span class='ocrx_word' id='word_1_58' title='bbox 258 1226 314 1283; x_wconf 93' lang='lat' dir='ltr'>hoc</span> <span class='ocrx_word' id='word_1_59' title='bbox 336 1225 464 1283; x_wconf 87' lang='lat' dir='ltr'>edictum</span> <span class='ocrx_word' id='word_1_60' title='bbox 486 1245 552 1284; x_wconf 92' lang='lat' dir='ltr'>cum</span> <span class='ocrx_word' id='word_1_61' title='bbox 575 1235 697 1304; x_wconf 88' lang='lat' dir='ltr'>propter</span> <span class='ocrx_word' id='word_1_62' title='bbox 713 1228 945 1304; x_wconf 87' lang='lat' dir='ltr'>postulationem</span> <span class='ocrx_word' id='word_1_63' title='bbox 961 1228 1152 1286; x_wconf 89' lang='lat' dir='ltr'>honorarium</span> <span class='ocrx_word' id='word_1_64' title='bbox 1169 1228 1246 1286; x_wconf 88' lang='lat' dir='ltr'>solvi</span> <span class='ocrx_word' id='word_1_65' title='bbox 1261 1228 1361 1286; x_wconf 89' lang='lat' dir='ltr'>iubeat</span> 
     </span>
    </p>
   </div>
   <div class='ocr_carea' id='block_1_3' title="bbox 36 1326 1369 4159">
    <p class='ocr_par' dir='ltr' id='par_1_3' title="bbox 39 1326 1364 2224">
     <span class='ocr_line' id='line_1_8' title="bbox 43 1326 1360 1408; baseline 0.003 -25"><span class='ocrx_word' id='word_1_66' title='bbox 43 1347 93 1384; x_wconf 93' lang='lat' dir='ltr'>non</span> <span class='ocrx_word' id='word_1_67' title='bbox 115 1326 270 1399; x_wconf 84' lang='lat' dir='ltr'>advocato,</span> <span class='ocrx_word' id='word_1_68' title='bbox 298 1329 351 1386; x_wconf 93' lang='lat' dir='ltr'>sed</span> <span class='ocrx_word' id='word_1_69' title='bbox 374 1327 541 1399; x_wconf 85' lang='lat' dir='ltr'>advocatis,</span> <span class='ocrx_word' id='word_1_70' title='bbox 564 1327 608 1385; x_wconf 91' lang='lat' dir='ltr'>illi</span> <span class='ocrx_word' id='word_1_71' title='bbox 632 1329 796 1387; x_wconf 87' lang='lat' dir='ltr'>sententiae</span> <span class='ocrx_word' id='word_1_72' title='bbox 819 1330 915 1408; x_wconf 77' lang='lat' dir='ltr'>magis</span> <span class='ocrx_word' id='word_1_73' title='bbox 938 1331 1033 1402; x_wconf 84' lang='lat' dir='ltr'>lavet,</span> <span class='ocrx_word' id='word_1_74' title='bbox 1056 1348 1236 1407; x_wconf 89' lang='lat' dir='ltr'>quamquam</span> <span class='ocrx_word' id='word_1_75' title='bbox 1259 1348 1360 1388; x_wconf 88' lang='lat' dir='ltr'>veram</span> 
     </span>
     <span class='ocr_line' id='line_1_9' title="bbox 42 1429 1360 1507; baseline 0.002 -21"><span class='ocrx_word' id='word_1_76' title='bbox 42 1439 91 1500; x_wconf 81' lang='lat' dir='ltr'>est,</span> <span class='ocrx_word' id='word_1_77' title='bbox 117 1449 180 1488; x_wconf 90' lang='lat' dir='ltr'>cum</span> <span class='ocrx_word' id='word_1_78' title='bbox 203 1430 338 1506; x_wconf 86' lang='lat' dir='ltr'>partibus</span> <span class='ocrx_word' id='word_1_79' title='bbox 361 1429 464 1488; x_wconf 91' lang='lat' dir='ltr'>liceret</span> <span class='ocrx_word' id='word_1_80' title='bbox 485 1430 585 1506; x_wconf 89' lang='lat' dir='ltr'>plures</span> <span class='ocrx_word' id='word_1_81' title='bbox 607 1432 776 1490; x_wconf 85' lang='lat' dir='ltr'>causidicos</span> <span class='ocrx_word' id='word_1_82' title='bbox 799 1431 960 1504; x_wconf 80' lang='lat' dir='ltr'>advocare,</span> <span class='ocrx_word' id='word_1_83' title='bbox 987 1432 1076 1490; x_wconf 88' lang='lat' dir='ltr'>etiarn</span> <span class='ocrx_word' id='word_1_84' title='bbox 1099 1433 1223 1491; x_wconf 90' lang='lat' dir='ltr'>alteram</span> <span class='ocrx_word' id='word_1_85' title='bbox 1247 1432 1360 1507; x_wconf 92' lang='lat' dir='ltr'>opinio-</span> 
     </span>
     <span class='ocr_line' id='line_1_10' title="bbox 42 1531 1362 1610; baseline 0.002 -22"><span class='ocrx_word' id='word_1_86' title='bbox 42 1551 100 1589; x_wconf 91' lang='lat' dir='ltr'>nem</span> <span class='ocrx_word' id='word_1_87' title='bbox 120 1550 184 1589; x_wconf 91' lang='lat' dir='ltr'>cum</span> <span class='ocrx_word' id='word_1_88' title='bbox 211 1531 321 1607; x_wconf 85' lang='lat' dir='ltr'>plurali</span> <span class='ocrx_word' id='word_1_89' title='bbox 348 1550 471 1590; x_wconf 91' lang='lat' dir='ltr'>numero</span> <span class='ocrx_word' id='word_1_90' title='bbox 501 1549 593 1609; x_wconf 87' lang='lat' dir='ltr'>posse</span> <span class='ocrx_word' id='word_1_91' title='bbox 620 1533 780 1591; x_wconf 89' lang='lat' dir='ltr'>conciliari.</span> <span class='ocrx_word' id='word_1_92' title='bbox 830 1534 865 1590; x_wconf 93' lang='lat' dir='ltr'>In</span> <span class='ocrx_word' id='word_1_93' title='bbox 891 1533 1093 1610; x_wconf 88' lang='lat' dir='ltr'>postulatione</span> <span class='ocrx_word' id='word_1_94' title='bbox 1120 1535 1199 1610; x_wconf 91' lang='lat' dir='ltr'>quod</span> <span class='ocrx_word' id='word_1_95' title='bbox 1226 1533 1362 1591; x_wconf 89' lang='lat' dir='ltr'>advocati</span> 
     </span>
     <span class='ocr_line' id='line_1_11' title="bbox 42 1634 1361 1713; baseline 0.002 -24"><span class='ocrx_word' id='word_1_96' title='bbox 42 1634 138 1691; x_wconf 91' lang='lat' dir='ltr'>actoris</span> <span class='ocrx_word' id='word_1_97' title='bbox 160 1640 261 1708; x_wconf 89' lang='lat' dir='ltr'>partes</span> <span class='ocrx_word' id='word_1_98' title='bbox 284 1635 453 1692; x_wconf 85' lang='lat' dir='ltr'>necessario</span> <span class='ocrx_word' id='word_1_99' title='bbox 475 1636 607 1711; x_wconf 88' lang='lat' dir='ltr'>potiores</span> <span class='ocrx_word' id='word_1_100' title='bbox 630 1635 758 1707; x_wconf 86' lang='lat' dir='ltr'>fuerunt,</span> <span class='ocrx_word' id='word_1_101' title='bbox 781 1653 849 1694; x_wconf 87' lang='lat' dir='ltr'>rens</span> <span class='ocrx_word' id='word_1_102' title='bbox 872 1635 977 1694; x_wconf 89' lang='lat' dir='ltr'>adesse</span> <span class='ocrx_word' id='word_1_103' title='bbox 999 1637 1096 1713; x_wconf 88' lang='lat' dir='ltr'>potuit</span> <span class='ocrx_word' id='word_1_104' title='bbox 1115 1645 1166 1695; x_wconf 90' lang='lat' dir='ltr'>aut</span> <span class='ocrx_word' id='word_1_105' title='bbox 1180 1645 1296 1694; x_wconf 89' lang='lat' dir='ltr'>tacente</span> <span class='ocrx_word' id='word_1_106' title='bbox 1311 1635 1361 1692; x_wconf 88' lang='lat' dir='ltr'>ad·</span> 
     </span>
     <span class='ocr_line' id='line_1_12' title="bbox 42 1736 1362 1815; baseline 0.004 -25"><span class='ocrx_word' id='word_1_107' title='bbox 42 1747 136 1794; x_wconf 78' lang='lat' dir='ltr'>vocato</span> <span class='ocrx_word' id='word_1_108' title='bbox 158 1737 255 1811; x_wconf 90' lang='lat' dir='ltr'>ipsius</span> <span class='ocrx_word' id='word_1_109' title='bbox 279 1745 330 1793; x_wconf 90' lang='lat' dir='ltr'>ant</span> <span class='ocrx_word' id='word_1_110' title='bbox 351 1736 426 1794; x_wconf 90' lang='lat' dir='ltr'>adeo</span> <span class='ocrx_word' id='word_1_111' title='bbox 449 1737 514 1795; x_wconf 86' lang='lat' dir='ltr'>siue</span> <span class='ocrx_word' id='word_1_112' title='bbox 535 1737 696 1810; x_wconf 82' lang='lat' dir='ltr'>advocato,</span> <span class='ocrx_word' id='word_1_113' title='bbox 725 1738 755 1796; x_wconf 93' lang='lat' dir='ltr'>id</span> <span class='ocrx_word' id='word_1_114' title='bbox 777 1757 837 1796; x_wconf 92' lang='lat' dir='ltr'>non</span> <span class='ocrx_word' id='word_1_115' title='bbox 863 1738 1000 1814; x_wconf 88' lang='lat' dir='ltr'>impedit,</span> <span class='ocrx_word' id='word_1_116' title='bbox 1029 1739 1190 1815; x_wconf 84' lang='lat' dir='ltr'>quominus</span> <span class='ocrx_word' id='word_1_117' title='bbox 1216 1738 1362 1796; x_wconf 88' lang='lat' dir='ltr'>advocato</span> 
     </span>
     <span class='ocr_line' id='line_1_13' title="bbox 41 1837 1363 1917; baseline 0.002 -23"><span class='ocrx_word' id='word_1_118' title='bbox 41 1840 90 1910; x_wconf 89' lang='lat' dir='ltr'>rei,</span> <span class='ocrx_word' id='word_1_119' title='bbox 118 1839 142 1896; x_wconf 93' lang='lat' dir='ltr'>si</span> <span class='ocrx_word' id='word_1_120' title='bbox 164 1837 272 1909; x_wconf 84' lang='lat' dir='ltr'>adluit,</span> <span class='ocrx_word' id='word_1_121' title='bbox 300 1839 331 1895; x_wconf 91' lang='lat' dir='ltr'>in</span> <span class='ocrx_word' id='word_1_122' title='bbox 353 1837 430 1896; x_wconf 90' lang='lat' dir='ltr'>idem</span> <span class='ocrx_word' id='word_1_123' title='bbox 453 1839 644 1897; x_wconf 88' lang='lat' dir='ltr'>honorarium</span> <span class='ocrx_word' id='word_1_124' title='bbox 670 1840 718 1898; x_wconf 90' lang='lat' dir='ltr'>ius</span> <span class='ocrx_word' id='word_1_125' title='bbox 741 1841 780 1899; x_wconf 89' lang='lat' dir='ltr'>sit</span> <span class='ocrx_word' id='word_1_126' title='bbox 802 1847 891 1916; x_wconf 91' lang='lat' dir='ltr'>atque</span> <span class='ocrx_word' id='word_1_127' title='bbox 913 1841 1038 1912; x_wconf 83' lang='lat' dir='ltr'>actoris3</span> <span class='ocrx_word' id='word_1_128' title='bbox 1072 1859 1141 1898; x_wconf 91' lang='lat' dir='ltr'>nam</span> <span class='ocrx_word' id='word_1_129' title='bbox 1168 1840 1262 1917; x_wconf 85' lang='lat' dir='ltr'>magis</span> <span class='ocrx_word' id='word_1_130' title='bbox 1289 1847 1363 1898; x_wconf 91' lang='lat' dir='ltr'>tem·</span> 
     </span>
     <span class='ocr_line' id='line_1_14' title="bbox 39 1939 1362 2016; baseline 0 -18"><span class='ocrx_word' id='word_1_131' title='bbox 39 1939 112 2016; x_wconf 88' lang='lat' dir='ltr'>poris</span> <span class='ocrx_word' id='word_1_132' title='bbox 133 1949 274 2014; x_wconf 89' lang='lat' dir='ltr'>respectu</span> <span class='ocrx_word' id='word_1_133' title='bbox 296 1959 385 2016; x_wconf 90' lang='lat' dir='ltr'>quam</span> <span class='ocrx_word' id='word_1_134' title='bbox 408 1959 517 2016; x_wconf 85' lang='lat' dir='ltr'>operae</span> <span class='ocrx_word' id='word_1_135' title='bbox 540 1941 733 2000; x_wconf 89' lang='lat' dir='ltr'>honorarium</span> <span class='ocrx_word' id='word_1_136' title='bbox 755 1943 943 2001; x_wconf 88' lang='lat' dir='ltr'>aestimatum</span> <span class='ocrx_word' id='word_1_137' title='bbox 967 1961 1034 2002; x_wconf 88' lang='lat' dir='ltr'>esse</span> <span class='ocrx_word' id='word_1_138' title='bbox 1056 1949 1288 2002; x_wconf 86' lang='lat' dir='ltr'>consentaneum</span> <span class='ocrx_word' id='word_1_139' title='bbox 1307 1949 1362 2000; x_wconf 88' lang='lat' dir='ltr'>est.</span> 
     </span>
     <span class='ocr_line' id='line_1_15' title="bbox 40 2040 1364 2122; baseline 0.002 -22"><span class='ocrx_word' id='word_1_140' title='bbox 40 2040 125 2100; x_wconf 87' lang='lat' dir='ltr'>Gesta</span> <span class='ocrx_word' id='word_1_141' title='bbox 146 2061 214 2101; x_wconf 91' lang='lat' dir='ltr'>cum</span> <span class='ocrx_word' id='word_1_142' title='bbox 236 2042 420 2101; x_wconf 84' lang='lat' dir='ltr'>sollemniter</span> <span class='ocrx_word' id='word_1_143' title='bbox 443 2042 561 2102; x_wconf 88' lang='lat' dir='ltr'>duobus</span> <span class='ocrx_word' id='word_1_144' title='bbox 583 2044 805 2122; x_wconf 83' lang='lat' dir='ltr'>exemplaribus</span> <span class='ocrx_word' id='word_1_145' title='bbox 828 2044 946 2115; x_wconf 85' lang='lat' dir='ltr'>fierent,</span> <span class='ocrx_word' id='word_1_146' title='bbox 972 2063 1098 2121; x_wconf 91' lang='lat' dir='ltr'>quorum</span> <span class='ocrx_word' id='word_1_147' title='bbox 1121 2045 1246 2104; x_wconf 92' lang='lat' dir='ltr'>alterum</span> <span class='ocrx_word' id='word_1_148' title='bbox 1270 2044 1364 2102; x_wconf 88' lang='lat' dir='ltr'>actori</span> 
     </span>
     <span class='ocr_line' id='line_1_16' title="bbox 40 2144 1239 2224; baseline 0.005 -24"><span class='ocrx_word' id='word_1_149' title='bbox 40 2144 206 2216; x_wconf 87' lang='lat' dir='ltr'>traderetur,</span> <span class='ocrx_word' id='word_1_150' title='bbox 229 2144 354 2203; x_wconf 87' lang='lat' dir='ltr'>alterum</span> <span class='ocrx_word' id='word_1_151' title='bbox 376 2163 438 2216; x_wconf 89' lang='lat' dir='ltr'>reo,</span> <span class='ocrx_word' id='word_1_152' title='bbox 461 2145 587 2221; x_wconf 86' lang='lat' dir='ltr'>pluralis</span> <span class='ocrx_word' id='word_1_153' title='bbox 609 2147 639 2203; x_wconf 93' lang='lat' dir='ltr'>in</span> <span class='ocrx_word' id='word_1_154' title='bbox 663 2154 838 2224; x_wconf 86' lang='lat' dir='ltr'>exceptores</span> <span class='ocrx_word' id='word_1_155' title='bbox 860 2164 977 2223; x_wconf 90' lang='lat' dir='ltr'>quoque</span> <span class='ocrx_word' id='word_1_156' title='bbox 1000 2156 1079 2206; x_wconf 88' lang='lat' dir='ltr'>recte</span> <span class='ocrx_word' id='word_1_157' title='bbox 1102 2148 1239 2223; x_wconf 83' lang='lat' dir='ltr'>quadrat.</span> 
     </span>
    </p>

    <p class='ocr_par' dir='ltr' id='par_1_4' title="bbox 38 2245 1366 3348">
     <span class='ocr_line' id='line_1_17' title="bbox 76 2245 1363 2326; baseline 0 -20"><span class='ocrx_word' id='word_1_158' title='bbox 76 2245 357 2321; x_wconf 67' lang='lat' dir='ltr'>Contradictionei)</span> <span class='ocrx_word' id='word_1_159' title='bbox 384 2257 508 2324; x_wconf 88' lang='lat' dir='ltr'>apparet</span> <span class='ocrx_word' id='word_1_160' title='bbox 534 2249 746 2326; x_wconf 86' lang='lat' dir='ltr'>comprehendi</span> <span class='ocrx_word' id='word_1_161' title='bbox 771 2267 847 2324; x_wconf 90' lang='lat' dir='ltr'>quae</span> <span class='ocrx_word' id='word_1_162' title='bbox 869 2249 1053 2308; x_wconf 82' lang='lat' dir='ltr'>defensionis</span> <span class='ocrx_word' id='word_1_163' title='bbox 1080 2267 1172 2307; x_wconf 81' lang='lat' dir='ltr'>causa</span> <span class='ocrx_word' id='word_1_164' title='bbox 1198 2266 1266 2306; x_wconf 88' lang='lat' dir='ltr'>rcus</span> <span class='ocrx_word' id='word_1_165' title='bbox 1293 2249 1363 2306; x_wconf 91' lang='lat' dir='ltr'>item</span> 
     </span>
     <span class='ocr_line' id='line_1_18' title="bbox 40 2347 1361 2427; baseline 0.002 -22"><span class='ocrx_word' id='word_1_166' title='bbox 40 2351 110 2426; x_wconf 90' lang='lat' dir='ltr'>apud</span> <span class='ocrx_word' id='word_1_167' title='bbox 132 2361 201 2408; x_wconf 89' lang='lat' dir='ltr'>acta</span> <span class='ocrx_word' id='word_1_168' title='bbox 222 2349 291 2408; x_wconf 90' lang='lat' dir='ltr'>edit.</span> <span class='ocrx_word' id='word_1_169' title='bbox 330 2347 473 2408; x_wconf 88' lang='lat' dir='ltr'>Similiter</span> <span class='ocrx_word' id='word_1_170' title='bbox 494 2355 525 2408; x_wconf 87' lang='lat' dir='ltr'>in</span> <span class='ocrx_word' id='word_1_171' title='bbox 547 2353 645 2410; x_wconf 91' lang='lat' dir='ltr'>edicto</span> <span class='ocrx_word' id='word_1_172' title='bbox 661 2350 843 2408; x_wconf 89' lang='lat' dir='ltr'>Diocletiani</span> <span class='ocrx_word' id='word_1_173' title='bbox 865 2349 901 2407; x_wconf 92' lang='lat' dir='ltr'>de</span> <span class='ocrx_word' id='word_1_174' title='bbox 923 2351 1028 2427; x_wconf 90' lang='lat' dir='ltr'>pretiis</span> <span class='ocrx_word' id='word_1_175' title='bbox 1043 2370 1141 2409; x_wconf 90' lang='lat' dir='ltr'>rerum</span> <span class='ocrx_word' id='word_1_176' title='bbox 1164 2369 1188 2407; x_wconf 91' lang='lat' dir='ltr'>c.</span> <span class='ocrx_word' id='word_1_177' title='bbox 1206 2351 1233 2422; x_wconf 84' lang='lat'>7,</span> <span class='ocrx_word' id='word_1_178' title='bbox 1260 2349 1306 2408; x_wconf 84' lang='grc'>12.</span> <span class='ocrx_word' id='word_1_179' title='bbox 1326 2350 1361 2408; x_wconf 85' lang='grc'>13</span> 
     </span>
     <span class='ocr_line' id='line_1_19' title="bbox 39 2451 1363 2529; baseline 0 -21"><span class='ocrx_word' id='word_1_180' title='bbox 39 2459 222 2526; x_wconf 86' lang='lat' dir='ltr'>praestantur</span> <span class='ocrx_word' id='word_1_181' title='bbox 243 2453 382 2510; x_wconf 87' lang='lat' dir='ltr'>edooeeto</span> <span class='ocrx_word' id='word_1_182' title='bbox 404 2456 462 2510; x_wconf 83' lang='lat' dir='ltr'>eice</span> <span class='ocrx_word' id='word_1_183' title='bbox 483 2456 554 2510; x_wconf 83' lang='lat' dir='ltr'>ieris</span> <span class='ocrx_word' id='word_1_184' title='bbox 572 2457 667 2529; x_wconf 84' lang='lat' dir='ltr'>perito</span> <span class='ocrx_word' id='word_1_185' title='bbox 689 2454 824 2512; x_wconf 80' lang='lat' dir='ltr'>mercedis</span> <span class='ocrx_word' id='word_1_186' title='bbox 845 2457 876 2510; x_wconf 88' lang='lat' dir='ltr'>in</span> <span class='ocrx_word' id='word_1_187' title='bbox 894 2453 1088 2529; x_wconf 81' lang='lat' dir='ltr'>postulatione</span> <span class='ocrx_word' id='word_1_188' title='bbox 1114 2452 1252 2528; x_wconf 85' lang='lat' dir='ltr'>(denarii)</span> <span class='ocrx_word' id='word_1_189' title='bbox 1277 2451 1363 2522; x_wconf 86' lang='lat' dir='ltr'><strong><em>CCL,</em></strong></span> 
     </span>
     <span class='ocr_line' id='line_1_20' title="bbox 40 2554 1366 2630; baseline 0.001 -21"><span class='ocrx_word' id='word_1_190' title='bbox 40 2557 64 2610; x_wconf 81' lang='lat' dir='ltr'>in</span> <span class='ocrx_word' id='word_1_191' title='bbox 84 2559 238 2630; x_wconf 78' lang='lat' dir='ltr'>capnitione</span> <span class='ocrx_word' id='word_1_192' title='bbox 260 2555 372 2611; x_wconf 83' lang='lat' dir='ltr'>denarii</span> <span class='ocrx_word' id='word_1_193' title='bbox 393 2555 483 2625; x_wconf 83' lang='lat' dir='ltr'>mille,</span> <span class='ocrx_word' id='word_1_194' title='bbox 514 2573 609 2630; x_wconf 87' lang='lat' dir='ltr'>neque</span> <span class='ocrx_word' id='word_1_195' title='bbox 631 2555 709 2614; x_wconf 89' lang='lat' dir='ltr'>enim</span> <span class='ocrx_word' id='word_1_196' title='bbox 732 2555 791 2613; x_wconf 89' lang='lat' dir='ltr'>nisi</span> <span class='ocrx_word' id='word_1_197' title='bbox 813 2555 933 2614; x_wconf 90' lang='lat' dir='ltr'>nomine</span> <span class='ocrx_word' id='word_1_198' title='bbox 955 2556 1097 2614; x_wconf 84' lang='lat' dir='ltr'>differunt</span> <span class='ocrx_word' id='word_1_199' title='bbox 1119 2554 1314 2613; x_wconf 86' lang='lat' dir='ltr'>contradictio</span> <span class='ocrx_word' id='word_1_200' title='bbox 1336 2561 1366 2610; x_wconf 88' lang='lat' dir='ltr'>et</span> 
     </span>
     <span class='ocr_line' id='line_1_21' title="bbox 38 2654 1364 2733; baseline -0.002 -20"><span class='ocrx_word' id='word_1_201' title='bbox 38 2659 169 2732; x_wconf 84' lang='lat' dir='ltr'>cognitio.</span> <span class='ocrx_word' id='word_1_202' title='bbox 221 2654 262 2714; x_wconf 89' lang='lat' dir='ltr'>Ut</span> <span class='ocrx_word' id='word_1_203' title='bbox 289 2655 450 2714; x_wconf 90' lang='lat' dir='ltr'>secundum</span> <span class='ocrx_word' id='word_1_204' title='bbox 478 2655 697 2714; x_wconf 90' lang='lat' dir='ltr'>Diocletianum</span> <span class='ocrx_word' id='word_1_205' title='bbox 725 2657 888 2716; x_wconf 88' lang='lat' dir='ltr'>advocatus</span> <span class='ocrx_word' id='word_1_206' title='bbox 915 2667 1037 2732; x_wconf 87' lang='lat' dir='ltr'>propter</span> <span class='ocrx_word' id='word_1_207' title='bbox 1062 2657 1263 2733; x_wconf 86' lang='lat' dir='ltr'>cognitionem</span> <span class='ocrx_word' id='word_1_208' title='bbox 1291 2674 1364 2732; x_wconf 92' lang='lat' dir='ltr'>qua-</span> 
     </span>
     <span class='ocr_line' id='line_1_22' title="bbox 38 2757 1365 2836; baseline 0 -22"><span class='ocrx_word' id='word_1_209' title='bbox 38 2757 167 2832; x_wconf 89' lang='lat' dir='ltr'>druplum</span> <span class='ocrx_word' id='word_1_210' title='bbox 193 2759 300 2832; x_wconf 87' lang='lat' dir='ltr'>accipit</span> <span class='ocrx_word' id='word_1_211' title='bbox 322 2758 386 2815; x_wconf 90' lang='lat' dir='ltr'>eius</span> <span class='ocrx_word' id='word_1_212' title='bbox 409 2775 552 2830; x_wconf 88' lang='lat' dir='ltr'>summae,</span> <span class='ocrx_word' id='word_1_213' title='bbox 574 2777 650 2834; x_wconf 92' lang='lat' dir='ltr'>quae</span> <span class='ocrx_word' id='word_1_214' title='bbox 670 2759 878 2835; x_wconf 88' lang='lat' dir='ltr'>postulationis</span> <span class='ocrx_word' id='word_1_215' title='bbox 893 2777 983 2818; x_wconf 88' lang='lat' dir='ltr'>caasa</span> <span class='ocrx_word' id='word_1_216' title='bbox 998 2759 1139 2836; x_wconf 81' lang='lat' dir='ltr'>exigitur,</span> <span class='ocrx_word' id='word_1_217' title='bbox 1161 2760 1204 2817; x_wconf 91' lang='lat' dir='ltr'>ita</span> <span class='ocrx_word' id='word_1_218' title='bbox 1218 2778 1254 2816; x_wconf 87' lang='lat' dir='ltr'>ex</span> <span class='ocrx_word' id='word_1_219' title='bbox 1269 2757 1365 2815; x_wconf 90' lang='lat' dir='ltr'>edicto</span> 
     </span>
     <span class='ocr_line' id='line_1_23' title="bbox 39 2859 1365 2938; baseline 0 -22"><span class='ocrx_word' id='word_1_220' title='bbox 39 2861 199 2919; x_wconf 85' lang='lat' dir='ltr'>consularis</span> <span class='ocrx_word' id='word_1_221' title='bbox 214 2859 373 2918; x_wconf 86' lang='lat' dir='ltr'>Numidiae</span> <span class='ocrx_word' id='word_1_222' title='bbox 395 2860 558 2918; x_wconf 89' lang='lat' dir='ltr'>advocatus</span> <span class='ocrx_word' id='word_1_223' title='bbox 581 2869 703 2937; x_wconf 89' lang='lat' dir='ltr'>propter</span> <span class='ocrx_word' id='word_1_224' title='bbox 725 2861 989 2920; x_wconf 86' lang='lat' dir='ltr'>contradictionem</span> <span class='ocrx_word' id='word_1_225' title='bbox 1012 2861 1134 2938; x_wconf 90' lang='lat' dir='ltr'>duplam</span> <span class='ocrx_word' id='word_1_226' title='bbox 1158 2860 1290 2936; x_wconf 87' lang='lat'>(5:10),</span> <span class='ocrx_word' id='word_1_227' title='bbox 1314 2879 1365 2918; x_wconf 86' lang='lat' dir='ltr'>ex-</span> 
     </span>
     <span class='ocr_line' id='line_1_24' title="bbox 38 2960 1364 3040; baseline -0.002 -20"><span class='ocrx_word' id='word_1_228' title='bbox 38 2973 132 3039; x_wconf 89' lang='lat' dir='ltr'>ceptor</span> <span class='ocrx_word' id='word_1_229' title='bbox 160 2963 227 3039; x_wconf 91' lang='lat' dir='ltr'>plus</span> <span class='ocrx_word' id='word_1_230' title='bbox 254 2961 345 3038; x_wconf 92' lang='lat' dir='ltr'>duplo</span> <span class='ocrx_word' id='word_1_231' title='bbox 373 2960 492 3037; x_wconf 84' lang='lat'>(5:12)</span> <span class='ocrx_word' id='word_1_232' title='bbox 520 2963 630 3038; x_wconf 90' lang='lat' dir='ltr'>accipit</span> <span class='ocrx_word' id='word_1_233' title='bbox 656 2963 721 3022; x_wconf 89' lang='lat' dir='ltr'>eius</span> <span class='ocrx_word' id='word_1_234' title='bbox 747 2963 826 3038; x_wconf 90' lang='lat' dir='ltr'>quod</span> <span class='ocrx_word' id='word_1_235' title='bbox 854 2963 941 3020; x_wconf 92' lang='lat' dir='ltr'>datur</span> <span class='ocrx_word' id='word_1_236' title='bbox 966 2973 1091 3040; x_wconf 87' lang='lat' dir='ltr'>propter</span> <span class='ocrx_word' id='word_1_237' title='bbox 1116 2962 1364 3039; x_wconf 83' lang='lat' dir='ltr'>postulationcm3</span> 
     </span>
     <span class='ocr_line' id='line_1_25' title="bbox 39 3064 1365 3141; baseline -0.002 -19"><span class='ocrx_word' id='word_1_238' title='bbox 39 3065 151 3124; x_wconf 85' lang='lat' dir='ltr'>chartae</span> <span class='ocrx_word' id='word_1_239' title='bbox 175 3075 275 3122; x_wconf 87' lang='lat' dir='ltr'>autem</span> <span class='ocrx_word' id='word_1_240' title='bbox 296 3065 488 3141; x_wconf 91' lang='lat' dir='ltr'>requiruntur</span> <span class='ocrx_word' id='word_1_241' title='bbox 509 3064 540 3120; x_wconf 90' lang='lat' dir='ltr'>in</span> <span class='ocrx_word' id='word_1_242' title='bbox 566 3065 619 3122; x_wconf 88' lang='lat' dir='ltr'>illa</span> <span class='ocrx_word' id='word_1_243' title='bbox 647 3065 797 3141; x_wconf 82' lang='lat' dir='ltr'>singulae,</span> <span class='ocrx_word' id='word_1_244' title='bbox 823 3067 854 3122; x_wconf 91' lang='lat' dir='ltr'>in</span> <span class='ocrx_word' id='word_1_245' title='bbox 880 3066 937 3122; x_wconf 90' lang='lat' dir='ltr'>hac</span> <span class='ocrx_word' id='word_1_246' title='bbox 962 3075 1134 3140; x_wconf 89' lang='lat' dir='ltr'>quaternae.</span> <span class='ocrx_word' id='word_1_247' title='bbox 1184 3064 1219 3120; x_wconf 92' lang='lat' dir='ltr'>In</span> <span class='ocrx_word' id='word_1_248' title='bbox 1247 3073 1365 3122; x_wconf 89' lang='lat' dir='ltr'>contra-</span> 
     </span>
     <span class='ocr_line' id='line_1_26' title="bbox 39 3165 1366 3243; baseline -0.002 -19"><span class='ocrx_word' id='word_1_249' title='bbox 39 3167 158 3226; x_wconf 91' lang='lat' dir='ltr'>dictione</span> <span class='ocrx_word' id='word_1_250' title='bbox 181 3185 248 3224; x_wconf 86' lang='lat' dir='ltr'>cnm</span> <span class='ocrx_word' id='word_1_251' title='bbox 272 3167 409 3225; x_wconf 79' lang='lat' dir='ltr'>advocati</span> <span class='ocrx_word' id='word_1_252' title='bbox 431 3165 475 3223; x_wconf 89' lang='lat' dir='ltr'>rei</span> <span class='ocrx_word' id='word_1_253' title='bbox 497 3176 597 3242; x_wconf 87' lang='lat' dir='ltr'>partes</span> <span class='ocrx_word' id='word_1_254' title='bbox 622 3168 752 3242; x_wconf 87' lang='lat' dir='ltr'>potiores</span> <span class='ocrx_word' id='word_1_255' title='bbox 776 3167 844 3237; x_wconf 92' lang='lat' dir='ltr'>sint,</span> <span class='ocrx_word' id='word_1_256' title='bbox 868 3167 960 3224; x_wconf 92' lang='lat' dir='ltr'>nihilo</span> <span class='ocrx_word' id='word_1_257' title='bbox 983 3167 1082 3223; x_wconf 90' lang='lat' dir='ltr'>minus</span> <span class='ocrx_word' id='word_1_258' title='bbox 1104 3173 1226 3243; x_wconf 90' lang='lat' dir='ltr'>propter</span> <span class='ocrx_word' id='word_1_259' title='bbox 1240 3165 1366 3225; x_wconf 89' lang='lat' dir='ltr'>eandem</span> 
     </span>
     <span class='ocr_line' id='line_1_27' title="bbox 39 3267 1260 3348; baseline 0.001 -24"><span class='ocrx_word' id='word_1_260' title='bbox 39 3287 119 3343; x_wconf 86' lang='lat' dir='ltr'>quam</span> <span class='ocrx_word' id='word_1_261' title='bbox 143 3289 236 3348; x_wconf 89' lang='lat' dir='ltr'>supra</span> <span class='ocrx_word' id='word_1_262' title='bbox 259 3269 342 3345; x_wconf 86' lang='lat' dir='ltr'>tetigi</span> <span class='ocrx_word' id='word_1_263' title='bbox 364 3287 486 3326; x_wconf 87' lang='lat' dir='ltr'>causam</span> <span class='ocrx_word' id='word_1_264' title='bbox 510 3269 618 3326; x_wconf 89' lang='lat' dir='ltr'>actoris</span> <span class='ocrx_word' id='word_1_265' title='bbox 642 3270 803 3327; x_wconf 87' lang='lat' dir='ltr'>advocatus</span> <span class='ocrx_word' id='word_1_266' title='bbox 826 3267 904 3326; x_wconf 89' lang='lat' dir='ltr'>idem</span> <span class='ocrx_word' id='word_1_267' title='bbox 927 3268 1119 3326; x_wconf 91' lang='lat' dir='ltr'>honorarium</span> <span class='ocrx_word' id='word_1_268' title='bbox 1143 3267 1260 3342; x_wconf 91' lang='lat' dir='ltr'>accipit.</span> 
     </span>
    </p>

    <p class='ocr_par' dir='ltr' id='par_1_5' title="bbox 37 3369 1367 3857">
     <span class='ocr_line' id='line_1_28' title="bbox 79 3369 1365 3446; baseline -0.003 -18"><span class='ocrx_word' id='word_1_269' title='bbox 79 3371 175 3432; x_wconf 81' lang='lat' dir='ltr'>Conse</span> <span class='ocrx_word' id='word_1_270' title='bbox 199 3376 229 3428; x_wconf 87' lang='lat' dir='ltr'>r&#39;n</span> <span class='ocrx_word' id='word_1_271' title='bbox 250 3375 381 3446; x_wconf 76' lang='lat' dir='ltr'>arpocrati</span> <span class='ocrx_word' id='word_1_272' title='bbox 396 3371 527 3445; x_wconf 85' lang='lat' dir='ltr'>finiende</span> <span class='ocrx_word' id='word_1_273' title='bbox 549 3390 613 3428; x_wconf 92' lang='lat' dir='ltr'>cum</span> <span class='ocrx_word' id='word_1_274' title='bbox 636 3371 702 3446; x_wconf 87' lang='lat' dir='ltr'>ipsa</span> <span class='ocrx_word' id='word_1_275' title='bbox 723 3372 995 3445; x_wconf 86' lang='lat' dir='ltr'>interpretationem</span> <span class='ocrx_word' id='word_1_276' title='bbox 1019 3388 1077 3426; x_wconf 91' lang='lat' dir='ltr'>non</span> <span class='ocrx_word' id='word_1_277' title='bbox 1103 3369 1247 3442; x_wconf 89' lang='lat' dir='ltr'>requirat,</span> <span class='ocrx_word' id='word_1_278' title='bbox 1275 3387 1365 3442; x_wconf 86' lang='lat' dir='ltr'>quae·</span> 
     </span>
     <span class='ocr_line' id='line_1_29' title="bbox 39 3469 1367 3547; baseline -0.002 -18"><span class='ocrx_word' id='word_1_279' title='bbox 39 3493 100 3530; x_wconf 88' lang='lat' dir='ltr'>uam</span> <span class='ocrx_word' id='word_1_280' title='bbox 123 3495 176 3533; x_wconf 90' lang='lat' dir='ltr'>cae</span> <span class='ocrx_word' id='word_1_281' title='bbox 200 3492 306 3532; x_wconf 87' lang='lat' dir='ltr'>causae</span> <span class='ocrx_word' id='word_1_282' title='bbox 328 3473 448 3544; x_wconf 85' lang='lat' dir='ltr'>luerint,</span> <span class='ocrx_word' id='word_1_283' title='bbox 472 3473 598 3530; x_wconf 88' lang='lat' dir='ltr'>edictum</span> <span class='ocrx_word' id='word_1_284' title='bbox 621 3491 679 3530; x_wconf 91' lang='lat' dir='ltr'>non</span> <span class='ocrx_word' id='word_1_285' title='bbox 704 3472 865 3547; x_wconf 87' lang='lat' dir='ltr'>siguificat;</span> <span class='ocrx_word' id='word_1_286' title='bbox 892 3472 944 3530; x_wconf 91' lang='lat' dir='ltr'>sed</span> <span class='ocrx_word' id='word_1_287' title='bbox 967 3490 1033 3529; x_wconf 90' lang='lat' dir='ltr'>cam</span> <span class='ocrx_word' id='word_1_288' title='bbox 1056 3479 1179 3546; x_wconf 92' lang='lat' dir='ltr'>propter</span> <span class='ocrx_word' id='word_1_289' title='bbox 1200 3488 1253 3527; x_wconf 88' lang='lat' dir='ltr'>eas</span> <span class='ocrx_word' id='word_1_290' title='bbox 1275 3469 1367 3527; x_wconf 89' lang='lat' dir='ltr'>semel</span> 
     </span>
     <span class='ocr_line' id='line_1_30' title="bbox 38 3571 1365 3648; baseline -0.002 -17"><span class='ocrx_word' id='word_1_291' title='bbox 38 3585 144 3635; x_wconf 87' lang='lat' dir='ltr'>tautum</span> <span class='ocrx_word' id='word_1_292' title='bbox 167 3577 314 3634; x_wconf 88' lang='lat' dir='ltr'>advocato</span> <span class='ocrx_word' id='word_1_293' title='bbox 337 3576 492 3634; x_wconf 90' lang='lat' dir='ltr'>retributio</span> <span class='ocrx_word' id='word_1_294' title='bbox 521 3575 606 3633; x_wconf 89' lang='lat' dir='ltr'>detur</span> <span class='ocrx_word' id='word_1_295' title='bbox 628 3574 751 3632; x_wconf 88' lang='lat' dir='ltr'>summis</span> <span class='ocrx_word' id='word_1_296' title='bbox 778 3573 873 3631; x_wconf 89' lang='lat' dir='ltr'>auctis</span> <span class='ocrx_word' id='word_1_297' title='bbox 901 3573 1025 3648; x_wconf 88' lang='lat' dir='ltr'>(scilicet</span> <span class='ocrx_word' id='word_1_298' title='bbox 1046 3591 1100 3646; x_wconf 92' lang='lat' dir='ltr'>pro</span> <span class='ocrx_word' id='word_1_299' title='bbox 1119 3571 1227 3629; x_wconf 87' lang='lat' dir='ltr'>modiis</span> <span class='ocrx_word' id='word_1_300' title='bbox 1249 3571 1365 3632; x_wconf 83' lang='lat' dir='ltr'>o÷10</span> 
     </span>
     <span class='ocr_line' id='line_1_31' title="bbox 38 3673 1366 3756; baseline -0.002 -24"><span class='ocrx_word' id='word_1_301' title='bbox 38 3679 142 3756; x_wconf 88' lang='lat' dir='ltr'>accipit</span> <span class='ocrx_word' id='word_1_302' title='bbox 164 3699 203 3736; x_wconf 92' lang='lat' dir='ltr'>m.</span> <span class='ocrx_word' id='word_1_303' title='bbox 220 3677 280 3752; x_wconf 87' lang='grc'>15),</span> <span class='ocrx_word' id='word_1_304' title='bbox 303 3678 465 3736; x_wconf 82' lang='lat' dir='ltr'>verisimile</span> <span class='ocrx_word' id='word_1_305' title='bbox 487 3685 534 3735; x_wconf 92' lang='lat' dir='ltr'>est</span> <span class='ocrx_word' id='word_1_306' title='bbox 555 3678 586 3734; x_wconf 92' lang='lat' dir='ltr'>in</span> <span class='ocrx_word' id='word_1_307' title='bbox 608 3676 654 3732; x_wconf 91' lang='lat' dir='ltr'>his</span> <span class='ocrx_word' id='word_1_308' title='bbox 669 3675 899 3752; x_wconf 88' lang='lat' dir='ltr'>postulationem</span> <span class='ocrx_word' id='word_1_309' title='bbox 916 3683 946 3733; x_wconf 90' lang='lat' dir='ltr'>et</span> <span class='ocrx_word' id='word_1_310' title='bbox 960 3673 1223 3733; x_wconf 86' lang='lat' dir='ltr'>contradictionem</span> <span class='ocrx_word' id='word_1_311' title='bbox 1239 3673 1282 3730; x_wconf 91' lang='lat' dir='ltr'>ita</span> <span class='ocrx_word' id='word_1_312' title='bbox 1297 3691 1366 3730; x_wconf 92' lang='lat' dir='ltr'>con-</span> 
     </span>
     <span class='ocr_line' id='line_1_32' title="bbox 37 3779 647 3857; baseline 0 -23"><span class='ocrx_word' id='word_1_313' title='bbox 37 3779 121 3857; x_wconf 75' lang='lat' dir='ltr'>iungi,</span> <span class='ocrx_word' id='word_1_314' title='bbox 146 3791 180 3838; x_wconf 92' lang='lat' dir='ltr'>ut</span> <span class='ocrx_word' id='word_1_315' title='bbox 202 3799 263 3836; x_wconf 90' lang='lat' dir='ltr'>una</span> <span class='ocrx_word' id='word_1_316' title='bbox 284 3779 436 3838; x_wconf 90' lang='lat' dir='ltr'>audientia</span> <span class='ocrx_word' id='word_1_317' title='bbox 457 3780 496 3837; x_wconf 87' lang='lat' dir='ltr'>lis</span> <span class='ocrx_word' id='word_1_318' title='bbox 518 3779 647 3836; x_wconf 87' lang='lat' dir='ltr'>finiatur.</span> 
     </span>
    </p>

    <p class='ocr_par' dir='ltr' id='par_1_6' title="bbox 36 3878 1369 4159">
     <span class='ocr_line' id='line_1_33' title="bbox 74 3878 1368 3957; baseline -0.004 -18"><span class='ocrx_word' id='word_1_319' title='bbox 74 3883 202 3957; x_wconf 82' lang='lat' dir='ltr'>Definite</span> <span class='ocrx_word' id='word_1_320' title='bbox 223 3899 310 3938; x_wconf 85' lang='lat' dir='ltr'>caeca</span> <span class='ocrx_word' id='word_1_321' title='bbox 333 3880 403 3955; x_wconf 90' lang='lat' dir='ltr'>quid</span> <span class='ocrx_word' id='word_1_322' title='bbox 425 3881 583 3957; x_wconf 85' lang='lat' dir='ltr'>significet,</span> <span class='ocrx_word' id='word_1_323' title='bbox 605 3879 716 3954; x_wconf 83' lang='lat' dir='ltr'>ambigi</span> <span class='ocrx_word' id='word_1_324' title='bbox 738 3888 850 3955; x_wconf 89' lang='lat' dir='ltr'>potest;</span> <span class='ocrx_word' id='word_1_325' title='bbox 874 3898 942 3937; x_wconf 90' lang='lat' dir='ltr'>nam</span> <span class='ocrx_word' id='word_1_326' title='bbox 965 3878 1020 3936; x_wconf 91' lang='lat' dir='ltr'>etsi</span> <span class='ocrx_word' id='word_1_327' title='bbox 1042 3879 1072 3934; x_wconf 90' lang='lat' dir='ltr'>in</span> <span class='ocrx_word' id='word_1_328' title='bbox 1095 3885 1234 3954; x_wconf 90' lang='lat' dir='ltr'>promptu</span> <span class='ocrx_word' id='word_1_329' title='bbox 1256 3887 1302 3934; x_wconf 90' lang='lat' dir='ltr'>est</span> <span class='ocrx_word' id='word_1_330' title='bbox 1323 3878 1368 3934; x_wconf 90' lang='lat' dir='ltr'>in-</span> 
     </span>
     <span class='ocr_line' id='line_1_34' title="bbox 37 3979 1367 4061; baseline -0.002 -23"><span class='ocrx_word' id='word_1_331' title='bbox 37 3984 133 4061; x_wconf 86' lang='lat' dir='ltr'>tellegi</span> <span class='ocrx_word' id='word_1_332' title='bbox 157 3983 334 4042; x_wconf 86' lang='lat' dir='ltr'>sententiam</span> <span class='ocrx_word' id='word_1_333' title='bbox 357 4001 375 4040; x_wconf 91' lang='lat' dir='ltr'>a</span> <span class='ocrx_word' id='word_1_334' title='bbox 397 3983 534 4058; x_wconf 85' lang='lat' dir='ltr'>praeside</span> <span class='ocrx_word' id='word_1_335' title='bbox 556 3982 658 4050; x_wconf 85' lang='lat' dir='ltr'>latam,</span> <span class='ocrx_word' id='word_1_336' title='bbox 681 3982 710 4038; x_wconf 92' lang='lat' dir='ltr'>id</span> <span class='ocrx_word' id='word_1_337' title='bbox 733 3981 891 4056; x_wconf 92' lang='lat' dir='ltr'>quominus</span> <span class='ocrx_word' id='word_1_338' title='bbox 914 3981 1106 4038; x_wconf 87' lang='lat' dir='ltr'>admittamus</span> <span class='ocrx_word' id='word_1_339' title='bbox 1129 3979 1215 4056; x_wconf 90' lang='lat' dir='ltr'>plura</span> <span class='ocrx_word' id='word_1_340' title='bbox 1238 3979 1367 4037; x_wconf 89' lang='lat' dir='ltr'>obstant.</span> 
     </span>
     <span class='ocr_line' id='line_1_35' title="bbox 36 4082 1369 4159; baseline 0 -19"><span class='ocrx_word' id='word_1_341' title='bbox 36 4083 167 4144; x_wconf 91' lang='lat' dir='ltr'>Primum</span> <span class='ocrx_word' id='word_1_342' title='bbox 190 4103 249 4142; x_wconf 89' lang='lat' dir='ltr'>nou</span> <span class='ocrx_word' id='word_1_343' title='bbox 265 4083 362 4156; x_wconf 87' lang='lat' dir='ltr'>video,</span> <span class='ocrx_word' id='word_1_344' title='bbox 385 4103 446 4154; x_wconf 86' lang='lat' dir='ltr'>cur,</span> <span class='ocrx_word' id='word_1_345' title='bbox 469 4085 496 4142; x_wconf 90' lang='lat' dir='ltr'>si</span> <span class='ocrx_word' id='word_1_346' title='bbox 513 4084 548 4140; x_wconf 93' lang='lat' dir='ltr'>de</span> <span class='ocrx_word' id='word_1_347' title='bbox 564 4084 710 4141; x_wconf 86' lang='lat' dir='ltr'>sententia</span> <span class='ocrx_word' id='word_1_348' title='bbox 726 4083 926 4142; x_wconf 86' lang='lat' dir='ltr'>Mariscianua</span> <span class='ocrx_word' id='word_1_349' title='bbox 943 4082 1096 4159; x_wconf 84' lang='lat' dir='ltr'>cogitavit,</span> <span class='ocrx_word' id='word_1_350' title='bbox 1120 4082 1266 4140; x_wconf 88' lang='lat' dir='ltr'>sollemne</span> <span class='ocrx_word' id='word_1_351' title='bbox 1282 4100 1369 4140; x_wconf 83' lang='lat' dir='ltr'>voca-</span> 
     </span>
    </p>
   </div>
   <div class='ocr_carea' id='block_1_4' title="bbox 35 4383 1372 5284">
    <p class='ocr_par' dir='ltr' id='par_1_7' title="bbox 36 4383 1372 4914">
     <span class='ocr_line' id='line_1_36' title="bbox 37 4383 1370 4454; baseline -0.002 -18"><span class='ocrx_word' id='word_1_352' title='bbox 37 4403 135 4438; x_wconf 81' lang='lat' dir='ltr'>ceneem</span> <span class='ocrx_word' id='word_1_353' title='bbox 155 4385 245 4437; x_wconf 83' lang='lat' dir='ltr'>audire</span> <span class='ocrx_word' id='word_1_354' title='bbox 264 4388 373 4454; x_wconf 84' lang='lat' dir='ltr'>coeperit</span> <span class='ocrx_word' id='word_1_355' title='bbox 401 4387 503 4452; x_wconf 87' lang='lat' dir='ltr'>aliaque</span> <span class='ocrx_word' id='word_1_356' title='bbox 521 4387 617 4436; x_wconf 89' lang='lat' dir='ltr'>Leonis</span> <span class='ocrx_word' id='word_1_357' title='bbox 635 4386 799 4450; x_wconf 87' lang='lat' dir='ltr'>Zenonisque</span> <span class='ocrx_word' id='word_1_358' title='bbox 824 4385 900 4446; x_wconf 84' lang='lat' dir='ltr'>(Cod.</span> <span class='ocrx_word' id='word_1_359' title='bbox 918 4386 1100 4448; x_wconf 64' lang='grc'>11111225,</span> <span class='ocrx_word' id='word_1_360' title='bbox 1119 4387 1145 4446; x_wconf 94' lang='grc'>4,</span> <span class='ocrx_word' id='word_1_361' title='bbox 1165 4384 1191 4446; x_wconf 88' lang='grc'>2)</span> <span class='ocrx_word' id='word_1_362' title='bbox 1216 4383 1370 4434; x_wconf 72' lang='lat' dir='ltr'>cressonis</span> 
     </span>
     <span class='ocr_line' id='line_1_37' title="bbox 37 4472 1370 4547; baseline -0.004 -17"><span class='ocrx_word' id='word_1_363' title='bbox 37 4478 108 4539; x_wconf 88' lang='lat' dir='ltr'>(Cod.</span> <span class='ocrx_word' id='word_1_364' title='bbox 120 4481 187 4531; x_wconf 87' lang='lat' dir='ltr'>Iust.</span> <span class='ocrx_word' id='word_1_365' title='bbox 199 4483 240 4542; x_wconf 84' lang='lat'>12,</span> <span class='ocrx_word' id='word_1_366' title='bbox 250 4482 293 4542; x_wconf 92' lang='grc'>21,</span> <span class='ocrx_word' id='word_1_367' title='bbox 303 4483 327 4542; x_wconf 81' lang='grc'>8,</span> <span class='ocrx_word' id='word_1_368' title='bbox 337 4480 378 4542; x_wconf 84' lang='grc'>4);</span> <span class='ocrx_word' id='word_1_369' title='bbox 399 4480 475 4530; x_wconf 87' lang='lat' dir='ltr'>etiam</span> <span class='ocrx_word' id='word_1_370' title='bbox 490 4474 624 4545; x_wconf 76' lang='grc' dir='ltr'><strong>μονομίρης</strong></span> <span class='ocrx_word' id='word_1_371' title='bbox 645 4472 748 4547; x_wconf 58' lang='lat' dir='ltr'>innoxia</span> <span class='ocrx_word' id='word_1_372' title='bbox 758 4478 825 4540; x_wconf 87' lang='lat' dir='ltr'>Lydi</span> <span class='ocrx_word' id='word_1_373' title='bbox 845 4477 913 4538; x_wconf 81' lang='lat' dir='ltr'>(ride</span> <span class='ocrx_word' id='word_1_374' title='bbox 927 4493 952 4542; x_wconf 92' lang='lat' dir='ltr'>p.</span> <span class='ocrx_word' id='word_1_375' title='bbox 964 4477 1016 4527; x_wconf 80' lang='lat'>638</span> <span class='ocrx_word' id='word_1_376' title='bbox 1031 4493 1057 4527; x_wconf 91' lang='lat' dir='ltr'>u.</span> <span class='ocrx_word' id='word_1_377' title='bbox 1066 4477 1092 4538; x_wconf 88' lang='grc'>3)</span> <span class='ocrx_word' id='word_1_378' title='bbox 1107 4477 1195 4528; x_wconf 84' lang='lat' dir='ltr'>eadem</span> <span class='ocrx_word' id='word_1_379' title='bbox 1209 4490 1264 4526; x_wconf 85' lang='lat' dir='ltr'>esse</span> <span class='ocrx_word' id='word_1_380' title='bbox 1277 4480 1370 4539; x_wconf 76' lang='lat' dir='ltr'>potest.</span> 
     </span>
     <span class='ocr_line' id='line_1_38' title="bbox 36 4566 1371 4638; baseline -0.003 -19"><span class='ocrx_word' id='word_1_381' title='bbox 36 4571 83 4622; x_wconf 89' lang='lat' dir='ltr'>Illa</span> <span class='ocrx_word' id='word_1_382' title='bbox 102 4573 166 4638; x_wconf 90' lang='lat' dir='ltr'>quid</span> <span class='ocrx_word' id='word_1_383' title='bbox 187 4573 312 4637; x_wconf 87' lang='lat' dir='ltr'>significet</span> <span class='ocrx_word' id='word_1_384' title='bbox 324 4571 609 4636; x_wconf 85' lang='lat' dir='ltr'>disputatWiedingius</span> <span class='ocrx_word' id='word_1_385' title='bbox 629 4569 674 4620; x_wconf 88' lang='lat' dir='ltr'>der</span> <span class='ocrx_word' id='word_1_386' title='bbox 687 4567 883 4636; x_wconf 82' lang='lat' dir='ltr'>juetr&#39;nianieclte</span> <span class='ocrx_word' id='word_1_387' title='bbox 896 4566 1084 4636; x_wconf 82' lang='lat' dir='ltr'>Lideilproceee</span> <span class='ocrx_word' id='word_1_388' title='bbox 1102 4585 1128 4633; x_wconf 93' lang='lat' dir='ltr'>p.</span> <span class='ocrx_word' id='word_1_389' title='bbox 1145 4569 1206 4619; x_wconf 82' lang='lat'>197.</span> <span class='ocrx_word' id='word_1_390' title='bbox 1221 4567 1282 4617; x_wconf 80' lang='lat'>209.</span> <span class='ocrx_word' id='word_1_391' title='bbox 1314 4569 1371 4616; x_wconf 86' lang='lat' dir='ltr'>Hoc</span> 
     </span>
     <span class='ocr_line' id='line_1_39' title="bbox 36 4660 1371 4729; baseline -0.004 -17"><span class='ocrx_word' id='word_1_392' title='bbox 36 4664 145 4714; x_wconf 89' lang='lat' dir='ltr'>edictum</span> <span class='ocrx_word' id='word_1_393' title='bbox 167 4679 223 4713; x_wconf 88' lang='lat' dir='ltr'>cum</span> <span class='ocrx_word' id='word_1_394' title='bbox 241 4665 356 4729; x_wconf 89' lang='lat' dir='ltr'>requirat</span> <span class='ocrx_word' id='word_1_395' title='bbox 375 4665 444 4728; x_wconf 90' lang='lat' dir='ltr'>quod</span> <span class='ocrx_word' id='word_1_396' title='bbox 463 4663 573 4726; x_wconf 91' lang='lat' dir='ltr'>simplici</span> <span class='ocrx_word' id='word_1_397' title='bbox 592 4662 760 4727; x_wconf 87' lang='lat' dir='ltr'>postulationi</span> <span class='ocrx_word' id='word_1_398' title='bbox 780 4666 925 4726; x_wconf 86' lang='lat' dir='ltr'>opponatur</span> <span class='ocrx_word' id='word_1_399' title='bbox 944 4667 968 4710; x_wconf 88' lang='lat' dir='ltr'>et</span> <span class='ocrx_word' id='word_1_400' title='bbox 988 4676 1046 4710; x_wconf 89' lang='lat' dir='ltr'>vere</span> <span class='ocrx_word' id='word_1_401' title='bbox 1066 4667 1167 4724; x_wconf 88' lang='lat' dir='ltr'>praeter</span> <span class='ocrx_word' id='word_1_402' title='bbox 1183 4661 1250 4709; x_wconf 90' lang='lat' dir='ltr'>hanc</span> <span class='ocrx_word' id='word_1_403' title='bbox 1264 4660 1371 4709; x_wconf 87' lang='lat' dir='ltr'>alteram</span> 
     </span>
     <span class='ocr_line' id='line_1_40' title="bbox 36 4751 1372 4818; baseline -0.004 -14"><span class='ocrx_word' id='word_1_404' title='bbox 36 4757 234 4818; x_wconf 86' lang='lat' dir='ltr'>postulationem</span> <span class='ocrx_word' id='word_1_405' title='bbox 253 4757 361 4816; x_wconf 85' lang='lat' dir='ltr'>habeat,</span> <span class='ocrx_word' id='word_1_406' title='bbox 388 4755 484 4804; x_wconf 89' lang='lat' dir='ltr'>scilicet</span> <span class='ocrx_word' id='word_1_407' title='bbox 502 4753 712 4818; x_wconf 88' lang='lat' dir='ltr'>comprehensam</span> <span class='ocrx_word' id='word_1_408' title='bbox 733 4769 810 4803; x_wconf 80' lang='lat' dir='ltr'>carisa</span> <span class='ocrx_word' id='word_1_409' title='bbox 829 4754 856 4802; x_wconf 93' lang='lat' dir='ltr'>in</span> <span class='ocrx_word' id='word_1_410' title='bbox 875 4754 992 4816; x_wconf 80' lang='lat' dir='ltr'>urguenti</span> <span class='ocrx_word' id='word_1_411' title='bbox 1017 4752 1142 4813; x_wconf 86' lang='lat' dir='ltr'>finienda,</span> <span class='ocrx_word' id='word_1_412' title='bbox 1169 4751 1307 4802; x_wconf 84' lang='lat' dir='ltr'>verisimile</span> <span class='ocrx_word' id='word_1_413' title='bbox 1333 4756 1372 4800; x_wconf 90' lang='lat' dir='ltr'>est</span> 
     </span>
     <span class='ocr_line' id='line_1_41' title="bbox 39 4846 576 4914; baseline -0.002 -19"><span class='ocrx_word' id='word_1_414' title='bbox 39 4846 103 4898; x_wconf 92' lang='lat' dir='ltr'>haue</span> <span class='ocrx_word' id='word_1_415' title='bbox 123 4849 323 4914; x_wconf 88' lang='lat' dir='ltr'>postulationem</span> <span class='ocrx_word' id='word_1_416' title='bbox 343 4847 451 4911; x_wconf 88' lang='lat' dir='ltr'>simplici</span> <span class='ocrx_word' id='word_1_417' title='bbox 471 4847 576 4911; x_wconf 85' lang='lat' dir='ltr'>opponi.</span> 
     </span>
    </p>

    <p class='ocr_par' dir='ltr' id='par_1_8' title="bbox 97 4936 934 5001">
     <span class='ocr_line' id='line_1_42' title="bbox 97 4936 934 5001; baseline -0.007 -11"><span class='ocrx_word' id='word_1_418' title='bbox 97 4941 119 5000; x_wconf 91' lang='lat'>¹)</span> <span class='ocrx_word' id='word_1_419' title='bbox 142 4939 174 4989; x_wconf 83' lang='lat' dir='ltr'>C.</span> <span class='ocrx_word' id='word_1_420' title='bbox 188 4941 236 4990; x_wconf 87' lang='lat' dir='ltr'>Th.</span> <span class='ocrx_word' id='word_1_421' title='bbox 258 4942 283 5000; x_wconf 90' lang='grc'>2,</span> <span class='ocrx_word' id='word_1_422' title='bbox 303 4941 328 5001; x_wconf 89' lang='grc'>4,</span> <span class='ocrx_word' id='word_1_423' title='bbox 350 4941 374 4988; x_wconf 93' lang='grc'>2.</span> <span class='ocrx_word' id='word_1_424' title='bbox 412 4937 703 5001; x_wconf 62' lang='lat' dir='ltr'>aerumans-Eoum</span> <span class='ocrx_word' id='word_1_425' title='bbox 721 4937 738 4985; x_wconf 92' lang='lat' dir='ltr'>l.</span> <span class='ocrx_word' id='word_1_426' title='bbox 753 4953 774 4984; x_wconf 89' lang='lat' dir='ltr'>c.</span> <span class='ocrx_word' id='word_1_427' title='bbox 796 4937 811 4985; x_wconf 82' lang='lat'><strong>3</strong></span> <span class='ocrx_word' id='word_1_428' title='bbox 831 4951 855 5000; x_wconf 92' lang='lat' dir='ltr'>p.</span> <span class='ocrx_word' id='word_1_429' title='bbox 872 4936 934 4986; x_wconf 81' lang='grc'>235.</span> 
     </span>
    </p>

    <p class='ocr_par' dir='ltr' id='par_1_9' title="bbox 93 5026 777 5096">
     <span class='ocr_line' id='line_1_43' title="bbox 93 5026 777 5096; baseline -0.007 -15"><span class='ocrx_word' id='word_1_430' title='bbox 93 5028 117 5092; x_wconf 85' lang='lat'>²)</span> <span class='ocrx_word' id='word_1_431' title='bbox 137 5030 429 5094; x_wconf 82' lang='lat' dir='ltr'>Bathmann·llollweg</span> <span class='ocrx_word' id='word_1_432' title='bbox 452 5026 619 5096; x_wconf 83' lang='lat' dir='ltr'>Oieilproceaa</span> <span class='ocrx_word' id='word_1_433' title='bbox 639 5031 654 5080; x_wconf 87' lang='lat'><strong>3</strong></span> <span class='ocrx_word' id='word_1_434' title='bbox 675 5045 699 5093; x_wconf 94' lang='lat' dir='ltr'>p.</span> <span class='ocrx_word' id='word_1_435' title='bbox 715 5028 777 5077; x_wconf 83' lang='grc'>235.</span> 
     </span>
    </p>

    <p class='ocr_par' dir='ltr' id='par_1_10' title="bbox 35 5117 1372 5284">
     <span class='ocr_line' id='line_1_44' title="bbox 91 5117 1372 5183; baseline -0.004 -12"><span class='ocrx_word' id='word_1_436' title='bbox 91 5121 117 5183; x_wconf 84' lang='lat'>³)</span> <span class='ocrx_word' id='word_1_437' title='bbox 143 5119 343 5172; x_wconf 83' lang='lat' dir='ltr'>Contradictorr&#39;i</span> <span class='ocrx_word' id='word_1_438' title='bbox 361 5119 442 5172; x_wconf 83' lang='lat' dir='ltr'>libelli</span> <span class='ocrx_word' id='word_1_439' title='bbox 460 5128 634 5172; x_wconf 88' lang='lat' dir='ltr'>memorantur</span> <span class='ocrx_word' id='word_1_440' title='bbox 652 5123 678 5170; x_wconf 91' lang='lat' dir='ltr'>in</span> <span class='ocrx_word' id='word_1_441' title='bbox 699 5121 880 5170; x_wconf 89' lang='lat' dir='ltr'>constitutione</span> <span class='ocrx_word' id='word_1_442' title='bbox 900 5135 924 5169; x_wconf 89' lang='lat' dir='ltr'>a.</span> <span class='ocrx_word' id='word_1_443' title='bbox 938 5120 992 5168; x_wconf 86' lang='lat'>400</span> <span class='ocrx_word' id='word_1_444' title='bbox 1016 5119 1056 5180; x_wconf 86' lang='lat' dir='ltr'>(C.</span> <span class='ocrx_word' id='word_1_445' title='bbox 1072 5119 1121 5168; x_wconf 89' lang='lat' dir='ltr'>Th.</span> <span class='ocrx_word' id='word_1_446' title='bbox 1142 5119 1167 5180; x_wconf 91' lang='grc'>2,</span> <span class='ocrx_word' id='word_1_447' title='bbox 1188 5117 1285 5178; x_wconf 84' lang='lat'>14,1);</span> <span class='ocrx_word' id='word_1_448' title='bbox 1311 5133 1372 5166; x_wconf 86' lang='lat' dir='ltr'>nar-</span> 
     </span>
     <span class='ocr_line' id='line_1_45' title="bbox 35 5209 1370 5284; baseline -0.001 -24"><span class='ocrx_word' id='word_1_449' title='bbox 35 5214 158 5264; x_wconf 82' lang='lat' dir='ltr'>rationem</span> <span class='ocrx_word' id='word_1_450' title='bbox 175 5215 334 5284; x_wconf 79' lang='lat' dir='ltr'>propositam</span> <span class='ocrx_word' id='word_1_451' title='bbox 353 5221 376 5266; x_wconf 90' lang='lat' dir='ltr'>et</span> <span class='ocrx_word' id='word_1_452' title='bbox 395 5212 614 5266; x_wconf 83' lang='lat' dir='ltr'>contradictionem</span> <span class='ocrx_word' id='word_1_453' title='bbox 634 5211 754 5265; x_wconf 83' lang='lat' dir='ltr'>obiectam</span> <span class='ocrx_word' id='word_1_454' title='bbox 773 5212 850 5263; x_wconf 88' lang='lat' dir='ltr'>habet</span> <span class='ocrx_word' id='word_1_455' title='bbox 868 5213 920 5263; x_wconf 83' lang='lat' dir='ltr'>alia</span> <span class='ocrx_word' id='word_1_456' title='bbox 939 5225 962 5261; x_wconf 89' lang='lat' dir='ltr'>a.</span> <span class='ocrx_word' id='word_1_457' title='bbox 978 5210 1031 5262; x_wconf 80' lang='lat'>530</span> <span class='ocrx_word' id='word_1_458' title='bbox 1052 5209 1092 5273; x_wconf 87' lang='lat' dir='ltr'>(C.</span> <span class='ocrx_word' id='word_1_459' title='bbox 1106 5211 1170 5262; x_wconf 89' lang='lat' dir='ltr'>lust.</span> <span class='ocrx_word' id='word_1_460' title='bbox 1185 5211 1210 5272; x_wconf 84' lang='lat'>3,</span> <span class='ocrx_word' id='word_1_461' title='bbox 1232 5211 1255 5271; x_wconf 88' lang='lat'>1,</span> <span class='ocrx_word' id='word_1_462' title='bbox 1277 5211 1319 5272; x_wconf 90' lang='grc'>14,</span> <span class='ocrx_word' id='word_1_463' title='bbox 1333 5209 1370 5271; x_wconf 77' lang='lat'>4)-</span> 
     </span>
    </p>
   </div>
   <div class='ocr_carea' id='block_1_5' title="bbox 0 0 1678 5926">
    <p class='ocr_par' dir='ltr' id='par_1_11' title="bbox 0 0 1678 5926">
     <span class='ocr_line' id='line_1_46' title="bbox 0 0 1678 5926; baseline 0 1"><span class='ocrx_word' id='word_1_464' title='bbox 0 0 1678 5926; x_wconf 95' lang='lat' dir='ltr'> </span> 
     </span>
    </p>
   </div>
  </div>
 </body>
</html>
