3348 5926
318 581 391 652 570
747 601 1023 654 nnnrrnnnnrs
1049 601 1131 652 von.
1152 601 1195 652 111
1562 604 1605 652 ran
1656 607 1657 676 5

358 775 395 833 ad
418 776 458 846 B,
481 775 508 832 7.
545 775 696 835 Robertus
711 775 833 848 Mowat,
855 777 905 852 qui
928 775 1154 852 inscriptionem
1175 777 1253 834 hanc
1266 776 1406 850 repetivit
1419 776 1466 832 bis
1481 775 1608 848 bulie'pipr.

316 875 364 950 (de
387 877 415 934 la
439 877 546 954 Gaulo)
574 877 666 936 vol.3
688 899 718 956 p.
734 878 791 937 199
814 888 844 936 et
865 878 959 936 rol.4
982 897 1010 953 p.
1028 879 1082 948 35,
1110 878 1218 937 litteris
1240 877 1337 936 tribus
1359 877 1376 934 b
1399 877 1416 934 7
1440 892 1542 934 s·s·s·
1563 895 1609 933 eon·

317 980 410 1038 tendit
432 981 643 1056 signifioarifit
664 999 773 1039 summu
794 998 979 1052 summarum
1003 989 1032 1037 et
1054 999 1155 1038 verum
1178 987 1225 1039 est
1246 999 1337 1055 supra
1359 983 1526 1054 scripturum
1543 979 1608 1036 mtur-

316 1085 383 1140 tium
405 1084 503 1141 minus
524 1091 604 1142 recte
626 1083 716 1142 scribi
738 1102 828 1160 quam
852 1084 1007 1142 cohortium
1028 1102 1120 1160 supra
1138 1085 1321 1160 scriptorum,
1343 1099 1441 1157 neque
1456 1081 1484 1138 id
1499 1081 1608 1156 meiugit.

317 1181 376 1243 Sed
398 1185 541 1244 deterruit
562 1205 609 1244 me
631 1204 698 1244 cum
720 1185 885 1244 litterarum
909 1185 1105 1262 singularium
1131 1186 1214 1244 nullo
1240 1184 1381 1260 exemplo
1410 1185 1610 1242 confirmatarum

315 1286 458 1346 admissio
480 1297 544 1346 turn
566 1287 678 1346 locutio
699 1287 866 1365 appositive
888 1288 1018 1346 formata
1040 1305 1114 1347 sane
1135 1287 1258 1346 insolita
1278 1289 1317 1363 fit
1343 1305 1453 1344 summa
1477 1303 1609 1344 murm

315 1394 489 1447 centuriones
504 1390 544 1446 X.
582 1391 646 1448 Iam
669 1407 739 1448 vero
761 1389 902 1448 existimo
924 1391 1071 1448 erravisse
1093 1409 1139 1448 me
1161 1398 1191 1447 et
1212 1408 1314 1447 verum
1337 1389 1448 1448 vidisse
1462 1388 1610 1454 Mowatiun

314 1491 487 1551 recordatus
510 1491 690 1550 calculorum
712 1492 791 1568 apud
815 1490 961 1551 Catonem
983 1493 1019 1550 de
1041 1492 1105 1569 agri
1128 1491 1197 1550 cult.
1220 1511 1245 1549 o.
1263 1492 1313 1563 22,
1332 1493 1361 1550 3.
1411 1491 1458 1550 Ibi
1478 1491 1549 1549 eninr
1565 1497 1610 1566 post

314 1594 448 1670 singulas
471 1612 604 1653 summas
627 1594 739 1653 relatas
761 1613 838 1670 quae
865 1595 999 1670 sequitur
1026 1613 1064 1652 ex
1093 1595 1258 1652 coniunctis
1285 1595 1406 1666 effecta,
1436 1595 1463 1651 ei
1490 1593 1534 1651 bis
1555 1611 1610 1669 prae

314 1699 471 1756 mittuntur
492 1707 580 1756 notae
608 1712 707 1770 s·s·,
734 1697 766 1754 id
791 1698 870 1772 quod
894 1717 963 1756 rere
991 1697 1108 1755 videtur
1134 1697 1390 1772 interpretandum
1419 1713 1487 1754 esse
1512 1713 1571 1765 non,
1591 1703 1610 1746 n

313 1799 409 1858 adhue
432 1799 542 1858 factum
564 1811 618 1872 est,
641 1819 749 1858 autumo
772 1811 911 1877 sumptus,
935 1799 988 1858 sed
1010 1817 1119 1858 sumum
1140 1818 1323 1872 mammarum,
1345 1817 1413 1857 cum
1428 1799 1459 1856 in
1473 1798 1555 1855 simili
1568 1797 1609 1852 loeo

314 1901 361 1974 (5,
383 1901 415 1974 2,
438 1901 470 1978 5)
504 1900 671 1960 Columella
698 1903 741 1960 sic
768 1904 892 1962 scribat:
926 1913 1074 1978 utrumque
1102 1920 1239 1960 summum
1267 1905 1443 1978 componito:
1461 1903 1532 1976 fiunt
1551 1898 1608 1973 peda

312 2001 465 2060 XXXIX
482 2005 571 2062 mitia.
609 2003 707 2079 Quam
730 2005 852 2062 obrem
875 2005 988 2063 locutio
1010 2005 1084 2063 baec
1106 2023 1177 2063 vere
1200 2004 1316 2062 videtur
1337 2003 1461 2080 propria
1480 2003 1563 2060 inisse
1579 2003 1609 2054 rt·

311 2113 457 2164 iustorum
481 2106 694 2164 calculatorum
717 2117 746 2164 et
767 2107 982 2166 tabulariorum
1006 2117 1036 2164 et
1058 2107 1096 2164 ab
1118 2106 1164 2164 bis
1185 2107 1362 2184 pervenisse
1381 2105 1420 2163 ad
1435 2112 1534 2182 poetas
1548 2102 1608 2160 Plau

310 2217 371 2265 tum
395 2219 425 2265 et
446 2207 619 2267 Lucretium
643 2209 780 2284 aliosque
803 2209 933 2285 (Seneca
956 2210 1042 2286 epist.
1066 2208 1106 2266 40
1121 2208 1197 2284 fin).

352 2311 390 2368 ad
411 2311 450 2380 B,
474 2312 520 2368 10.
565 2310 612 2368 De
634 2310 717 2370 laceo
737 2312 885 2370 vocabulo
908 2331 1003 2388 nuper
1029 2311 1090 2387 egit
1111 2309 1222 2368 Franc.
1246 2309 1414 2369 Buecheler
1441 2310 1471 2368 in
1492 2309 1551 2386 eph.
1568 2305 1604 2364 lb

310 2414 430 2470 nacensi
457 2413 565 2471 Archiv
585 2414 642 2486 seir
672 2413 835 2472 lateinisches
862 2413 1091 2490 Leeicoprupbic
1117 2415 1179 2470 uod
1200 2411 1381 2471 Grammatil·
1408 2413 1499 2471 roll
1528 2406 1602 2484 (itui

309 2535 338 2590 p.
352 2513 422 2572 285.
453 2514 557 2574 Potest
579 2516 706 2574 conferri
726 2516 805 2591 quod
822 2518 851 2574 in
867 2517 955 2574 titulo
971 2523 1097 2591 excepto
1113 2514 1231 2572 Damae
1246 2515 1276 2572 in
1289 2513 1498 2573 Trachonitide
1512 2511 1604 2588 (rasa

308 2617 511 2694 Wuddington
534 2637 562 2675 n.
580 2616 676 2693 2452)
703 2619 824 2694 legitur:
854 2607 886 2674 ri
906 2619 1000 2687 μνῆμα
1021 2608 1069 2674 καὶ
1091 2611 1140 2686 τὴν
1168 2610 1258 2686 αὐλὴν
1283 2605 1332 2674 nai
1358 2609 1406 2672 riu
1432 2607 1522 2672 r've'vra
1546 2601 1606 2669 >risa

307 2709 354 2776 ucri
376 2721 488 2776 συκῶνα
509 2717 675 2796 ἐφύτευσεν.

349 2821 385 2878 ad
408 2821 446 2892 B,
472 2824 518 2880 15.
568 2822 651 2880 Idem
675 2823 835 2882 Mowatius
862 2823 943 2900 quod
969 2823 1026 2880 hoe
1051 2821 1117 2880 loco
1144 2823 1253 2899 legitur
1280 2833 1406 2880 castrum
1433 2822 1604 2895 interpretata

307 2931 352 2980 est
374 2933 469 2981 castra
491 2925 647 3001 m(aioro),
673 2943 845 3001 perperam3
880 2943 949 2984 nam
971 2926 1066 2984 fuisse
1089 2923 1179 3002 Copti
1200 2933 1302 2982 castra
1324 2925 1395 2982 bina
1416 2925 1488 2996 iam,
1514 2919 1604 2980 subluto

307 3045 407 3083 errore
431 3026 613 3101 Desjardinii
640 3027 768 3104 legentis
791 3029 861 3087 515
886 3045 903 3085 ιι
925 3045 980 3104 pro
1003 3044 1053 3098 ετ,
1082 3026 1212 3104 amplius
1239 3045 1298 3085 non
1328 3027 1386 3084 erit
1414 3026 1462 3102 qui
1487 3019 1604 3082 defendat

249 3160 252 3166 ·
306 3147 360 3186 nee
390 3129 457 3186 licet
485 3138 616 3188 tenorem
647 3131 811 3206 scripturae
842 3130 1036 3206 aequabiliter
1067 3129 1273 3189 decurrentem
1307 3129 1514 3206 interrumpere
1537 3125 1604 3182 inur-

305 3231 404 3304 posita
426 3232 525 3290 nescio
548 3251 608 3307 qua
628 3232 728 3290 littera
754 3232 899 3309 singulari
925 3251 984 3291 non
1011 3231 1049 3291 ad
1077 3232 1243 3308 legitimam
1270 3251 1420 3303 normam,
1447 3230 1495 3289 sed
1520 3239 1602 3285 temen

305 3333 393 3406 plane
416 3334 595 3411 excogitata.
650 3332 764 3393 Contra
787 3335 838 3410 qui
860 3333 1078 3410 comparaverit
1107 3336 1185 3392 inter
1206 3333 1267 3392 alia
1294 3333 1405 3391 similia
1431 3331 1502 3408 quod
1525 3335 1561 3386 est
1580 3325 1601 3380 iu

304 3435 390 3492 titulo
418 3455 512 3511 nuper
538 3436 568 3494 in
591 3436 695 3494 Africa
721 3435 878 3494 eruderato
906 3436 1014 3513 (supra
1039 3455 1068 3512 p.
1084 3434 1143 3492 541
1174 3456 1204 3494 n.
1223 3433 1316 3510 1233)
1345 3436 1414 3494 anni
1440 3441 1501 3492 ante
1520 3421 1599 3488 Chal

303 3541 369 3612 imp.
397 3538 546 3596 Caesarem
569 3537 699 3612 nevasia
722 3537 764 3594 M.
784 3537 899 3597 Plautio
919 3537 1054 3610 Siluano,
1077 3537 1148 3595 mibi
1171 3537 1319 3594 adsentiat
1340 3547 1486 3595 auctorem
1505 3529 1599 3591 alterius

303 3639 497 3697 additamenti
524 3638 607 3713 (nam
634 3659 680 3696 vv.
709 3639 767 3697 duo
790 3639 927 3697 t14.15
955 3639 993 3697 ab
1019 3639 1081 3698 alia
1107 3657 1199 3697 manu
1225 3640 1342 3698 exarati
1370 3637 1449 3713 sunt)
1474 3635 1534 3695 vitio
1553 3647 1599 3686 eer-

302 3743 400 3798 monis
423 3741 467 3798 vel
490 3741 742 3818 pronuntiationis
765 3750 890 3800 castrum
913 3741 1034 3800 dedisse
1055 3761 1110 3818 pro
1133 3751 1239 3800 eastra.

979 3927 1067 3935 --

672 4101 773 4163 vinis
795 4101 989 4162 AEGYPTI
1014 4101 1122 4179 (supra
1144 4121 1172 4179 p.
1192 4101 1254 4178 12).

300 4257 388 4319 1321
412 4259 448 4318 ad
470 4259 590 4336 apuu
612 4279 640 4317 n.
660 4261 706 4318 18.
755 4259 913 4319 Eduardus
936 4259 1058 4318 Naville
1083 4279 1137 4336 par
1159 4259 1276 4318 litteras
1306 4261 1457 4317 certiorem
1481 4273 1519 4312 nic
1538 4244 1589 4306 stell

341 4362 471 4420 tabulam
494 4364 570 4421 banc
593 4363 686 4438 (dalla
708 4363 742 4420 ds
763 4360 890 4422 calcoire
912 4363 996 4421 blanc
1017 4364 1051 4420 de
1074 4361 1113 4419 35
1135 4362 1308 4420 emtimitres
1330 4363 1365 4420 de
1387 4361 1494 4436 turpem
1510 4370 1546 4412 su
1556 4345 1590 4400 3⁸!

341 4465 374 4520 de
402 4463 534 4540 irauteur)
568 4474 715 4542 repertam
742 4463 1046 4524 Tell-el·Msscbuta
1072 4465 1150 4522 inter
1177 4462 1287 4521 rudera
1312 4463 1402 4522 castri
1429 4454 1536 4519 Romani
1551 4447 1583 4502 ifl-

340 4567 480 4640 scriptam
504 4584 572 4624 esse
595 4568 654 4625 sie:

769 4667 811 4708 no
841 4665 885 4707 ΝΝ
909 4665 1089 4708 vrcuonrsvs

768 4767 948 4810 naxinnuo
975 4769 1010 4809 ετ
1033 4767 1149 4810 savaro
1240 4775 1339 4816 aaran

767 4869 1008 4913 insanaroarsvs
1031 4869 1067 4910 ar

767 4972 928 5014 maximino
952 4971 986 5013 ετ
1007 4970 1217 5014 cousraunm

706 5079 717 5116 s
768 5073 969 5116 noarnsstnrs
992 5071 1169 5115 cassaniam

764 5177 802 5218 na
825 5175 886 5218 sno
909 5176 940 5216 nv
965 5174 1088 5217 cuvsnn

825 5264 851 5320 ir
876 5277 938 5318 vnn
972 5265 992 5316 Ε
