3348 5926
289 506 360 578 656
618 528 863 580 Pnrvnscwu
889 529 1050 582 nmrnvn
1077 528 1287 580 nxrnsrvn.

286 710 348 760 tere
371 700 495 775 videtur,
518 719 577 760 non
600 703 658 762 erit
679 705 731 779 qui
754 704 879 781 cogitet)
903 711 931 763 et
953 703 1110 764 coufirmat
1131 703 1294 762 laterculus
1315 702 1485 760 caletorum
1508 702 1616 778 pontii-

287 823 353 864 cum
376 813 407 862 et
428 804 580 863 flaminum
603 809 673 863 anni
699 805 755 864 102
780 804 830 882 (G.
843 806 897 880 VI,
914 806 1004 865 2184.
1022 805 1127 883 2185).
1160 805 1240 866 Nam
1262 823 1328 863 cum
1350 811 1471 864 constet
1486 803 1617 862 Priscum

289 925 325 964 eo
348 915 480 982 tempore
509 915 538 964 et
560 906 673 966 vixisse
700 917 730 968 et
755 909 849 968 inisse
875 909 1062 986 pontificem,
1091 909 1240 966 calatores
1263 913 1361 966 autem
1383 907 1479 966 lectos
1504 923 1573 964 esse
1590 927 1617 962 er

290 1007 479 1067 sacerdotum
506 1009 638 1080 libertis,
672 1011 724 1086 qui
750 1011 781 1069 in
808 1010 951 1070 laterculo
979 1012 1032 1069 illo
1060 1019 1231 1070 recensetur
1257 1009 1293 1068 L.
1317 1008 1475 1068 Iauolenus
1504 1009 1616 1066 Pirustas

288 1128 410 1169 necesse
437 1119 484 1170 est
505 1110 708 1170 manumissus
732 1113 771 1170 sit
792 1131 811 1169 a
832 1113 905 1170 iuris
928 1120 1050 1171 auctore
1070 1113 1177 1172 Prisco
1204 1123 1234 1170 et
1259 1130 1441 1190 praenomen
1467 1131 1486 1168 a
1509 1111 1612 1170 dominu

290 1213 425 1272 traxerit.
468 1213 567 1270 Etiam
595 1214 625 1270 in
647 1215 742 1273 titulis
764 1214 973 1273 Iavolenorum
996 1215 1136 1286 urbanis,
1167 1215 1217 1291 qui
1243 1214 1401 1291 compositi
1431 1223 1504 1271 sunt
1527 1211 1615 1280 (ΠΙ,

292 1313 553 1386 19663-19668,
582 1334 761 1390 praenomen
783 1315 870 1375 Lucii
892 1325 1008 1393 quater,
1030 1316 1111 1374 aliud
1136 1325 1236 1375 autem
1258 1315 1375 1374 nullum
1397 1316 1565 1392 reperitur;
1587 1317 1616 1371 ri·

288 1417 454 1492 danturque
476 1416 613 1476 homines
637 1417 680 1474 illi
703 1435 807 1477 omnes
829 1420 980 1493 pertinere
1002 1419 1041 1476 ad
1057 1419 1155 1477 Prisci
1171 1419 1267 1476 nostri
1289 1417 1436 1476 familiam
1453 1417 1536 1475 unici
1553 1417 1616 1474 ines

289 1526 377 1597 gente
398 1519 552 1594 conspicui
568 1518 633 1576 viri.
668 1521 711 1577 At
732 1521 762 1577 in
784 1520 851 1578 basi
867 1518 1035 1579 Nudineusi
1058 1539 1124 1578 eum
1142 1518 1252 1579 Gaium
1275 1518 1422 1596 appellari
1442 1519 1496 1577 vix
1516 1519 1619 1576 videtur

289 1637 378 1696 posse
401 1619 430 1678 in
454 1619 576 1678 dubium
593 1621 709 1692 vocari;
730 1621 830 1680 miuus
852 1622 982 1682 fortasse
1002 1621 1132 1681 offendet
1154 1621 1333 1692 coniectura,
1357 1638 1431 1678 saue
1452 1621 1581 1678 molesta
1598 1632 1618 1676 et

289 1723 366 1798 ipsa,
389 1721 448 1780 duo
463 1723 659 1797 praenomina
673 1722 810 1782 Priscum
826 1725 968 1784 habuisse
984 1743 1145 1800 eorumque
1160 1723 1286 1782 alterum
1304 1723 1335 1780 in
1351 1723 1419 1803 basi
1440 1721 1494 1780 iila
1516 1737 1618 1797 praete-

290 1823 379 1882 ritum
399 1841 475 1882 esse.
513 1822 700 1882 Honoratum
718 1823 829 1884 Nadini
846 1827 1004 1901 quominus
1020 1835 1187 1884 statuamus
1202 1825 1323 1883 differre
1346 1824 1384 1881 ab
1401 1833 1525 1882 auctore
1547 1825 1619 1892 iuris,

291 1927 412 1983 obstant
435 1935 495 1984 tres
518 1927 710 2002 magistratus
734 1925 914 1986 Germaniae
937 1925 1044 2005 Syriae
1068 1927 1198 1999 Africae,
1226 1945 1304 2002 quos
1327 1936 1357 1984 et
1378 1925 1453 1983 iuris
1478 1937 1617 1983 auctorem

292 2027 427 2104 gessisse
449 2028 585 2086 novimus
612 2036 641 2085 et
663 2028 746 2087 basis
768 2030 911 2088 enuntiat.

335 2129 497 2188 Praeterea
519 2149 586 2188 cum
612 2130 671 2188 iam
695 2139 813 2190 constet
834 2131 972 2190 Priscum
998 2132 1115 2190 iuridici
1143 2130 1244 2190 officio
1271 2131 1403 2190 iunctum
1431 2145 1501 2187 esse
1527 2129 1617 2205 primis

293 2231 379 2290 annis
395 2231 466 2308 imp.
479 2231 657 2304 Domitiani,
679 2233 881 2307 confirmatur,
904 2234 984 2310 quod
1001 2234 1072 2292 alibi
1088 2234 1207 2293 defendi
1231 2234 1333 2310 (huius
1349 2232 1427 2307 Eph.
1440 2231 1487 2289 lv
1502 2252 1531 2308 p.-
1546 2230 1614 2302 tat).

293 2333 434 2392 iuridicos
456 2334 612 2393 institutos
636 2352 785 2394 essenon
808 2338 844 2394 ab
867 2334 1032 2408 Hadriano,
1056 2337 1109 2394 sed
1131 2336 1169 2393 ab
1192 2336 1259 2412 ipso
1281 2335 1434 2412 Augusto.

337 2435 383 2494 De
405 2437 578 2494 consulibus
602 2436 753 2496 sufficiunt
774 2455 851 2513 qnae
868 2438 1017 2515 disputavi
1039 2456 1131 2515 supra
1152 2457 1181 2512 p.
1199 2437 1259 2495 616
1281 2437 1393 2494 latente
1412 2435 1564 2493 etiamtum
1583 2451 1612 2490 u·

293 2538 374 2596 bella
396 2539 508 2613 priore;
534 2539 592 2596 hoc
614 2539 712 2598 solum
736 2539 902 2598 addendum
925 2551 972 2598 est
993 2541 1062 2598 anni
1085 2539 1125 2598 90
1148 2540 1290 2598 suffectos
1312 2539 1390 2596 alios
1415 2537 1512 2596 adhue
1534 2537 1613 2596 nullos

295 2640 470 2698 innotuisse.

335 2739 437 2800 Locus
460 2741 540 2800 fixae
562 2742 637 2820 legis
659 2743 685 2802 is
702 2751 757 2814 est,
780 2762 867 2820 quem
883 2744 980 2802 adhuc
996 2761 1137 2802 noramus
1152 2743 1291 2819 usurpari
1308 2751 1450 2820 coeptum
1469 2759 1533 2802 esse
1553 2743 1615 2798 iuter

295 2863 320 2902 a.
338 2843 376 2902 86
400 2852 429 2900 et
451 2843 489 2902 93
513 2853 543 2902 et
564 2845 704 2920 deinceps
728 2847 885 2904 mansisse.
929 2846 992 2904 Iam
1014 2847 1071 2903 hac
1092 2845 1158 2922 lege
1186 2845 1307 2922 prolata
1327 2845 1477 2903 restrictis
1499 2844 1615 2902 terminis

294 2945 355 3002 illia
377 2945 564 3022 intellegitur
585 2965 650 3004 eam
673 2947 917 3006 consuetudinem
939 2947 1038 3024 legum
1060 2947 1237 3006 decivitate
1258 2946 1449 3024 figendarum
1472 2946 1508 3004 ad
1521 2946 1614 3003 Miner·

296 3066 363 3105 vam
385 3047 522 3126 coepisse
542 3049 619 3108 inter
641 3068 668 3108 a.
685 3049 723 3108 86
747 3059 777 3108 et
798 3049 848 3108 90.

1289 3204 1350 3263 Tn.
1375 3205 1544 3264 Monusrn.
