3444 5932
299 513 372 584 120
874 526 1056 579 uonusnu

1556 631 1623 642 υ·-

298 707 367 784 quis
389 707 420 765 in
441 704 514 764 urbe
536 703 705 774 collocavit,
727 700 780 760 sed
801 701 832 760 in
849 699 952 760 Gallia
972 699 1130 772 etAirica,
1151 699 1195 757 ita
1215 699 1352 771 fortasse,
1376 709 1410 756 ut
1431 700 1561 776 primam
1576 701 1632 762 Lu·

298 809 451 886 gudunum
472 805 612 876 mitteret,
635 803 753 862 tertiam
775 803 919 862 decimam
935 800 1162 880 Carthaginem
1184 809 1264 860 certe
1286 817 1321 860 eo
1344 800 1456 860 ducunt
1476 804 1559 862 tituli
1576 804 1630 864 duo
1710 857 1711 862 ,

299 910 411 970 saeculi
437 908 525 984 primi
551 907 689 967 exeuntis
719 902 907 964 Genarensis
934 921 1026 982 supra
1051 923 1081 962 n.
1103 905 1120 963 3
1148 903 1280 962 cohortis
1306 901 1422 978 primae
1453 913 1483 962 et
1510 904 1632 966 Cartha·
1710 913 1711 954 1

299 1011 442 1090 giniensis
464 1009 595 1069 cohortis
617 1008 724 1068 tertiae
747 1007 887 1066 decimae.
926 1005 990 1065 Eae
1013 1006 1121 1066 deinde
1142 1004 1244 1064 sedem
1265 1006 1309 1064 ita
1328 1005 1469 1065 videntur
1491 1015 1633 1082 mutasse,

299 1123 333 1172 ut
359 1112 490 1173 secundo
518 1111 666 1187 tertioque
694 1108 815 1168 saeculo
842 1109 939 1186 prirna
968 1107 999 1166 in
1021 1107 1127 1166 Africa
1153 1107 1376 1185 praetenderet,
1406 1108 1496 1167 tertia
1522 1109 1633 1192 decima

300 1214 474 1292 Luguduni;
501 1212 532 1271 id
554 1213 633 1272 enim
661 1212 797 1288 flagitant
824 1211 980 1286 utriusque
1006 1209 1179 1287 provinciae
1206 1209 1285 1268 tituli
1312 1210 1420 1269 aetatis
1446 1212 1631 1288 posterioris.

301 1349 340 1360 -
362 1315 526 1392 Prospexit
548 1325 647 1372 autem
663 1311 872 1390 Vespasianus
894 1313 952 1371 hac
973 1311 1097 1370 militiae
1113 1311 1275 1370 Africanae
1297 1311 1485 1372 ordinatione
1506 1314 1633 1374 fortasse

301 1437 360 1478 nou
383 1426 443 1475 tam
467 1417 533 1476 urbi
555 1433 680 1490 magnae
702 1414 826 1472 Africae
847 1414 936 1492 capiti
958 1415 1059 1491 ibique
1082 1413 1201 1490 degenti
1228 1413 1402 1488 proconsuli
1428 1433 1522 1491 quam
1549 1417 1633 1474 secti·

301 1520 419 1598 galihus
448 1517 602 1577 Africanis
635 1517 938 1592 procuratoribusque
971 1515 1045 1574 suis.
1100 1512 1220 1575 Scilicet
1252 1515 1423 1590 proconsuli
1455 1527 1563 1576 notum
1594 1528 1635 1576 est
1710 1553 1711 1590 t

301 1628 407 1700 postea
428 1637 546 1698 quoque
573 1629 687 1695 partem
715 1616 847 1694 aliquam
875 1617 1002 1694 legionis
1025 1617 1187 1676 Africanae
1212 1623 1334 1692 praesto
1360 1617 1456 1676 fuisse
1466 1617 1516 1693 ¹),
1544 1639 1634 1695 neque
1710 1635 1711 1712 ᾗ

302 1721 464 1781 verisimile
490 1720 647 1798 imperium
677 1718 740 1778 eius
769 1719 800 1778 in
829 1718 938 1778 milites
967 1737 1004 1778 ea
1036 1725 1134 1778 aetate
1166 1723 1286 1776 auctum
1319 1736 1396 1778 esse.
1455 1717 1520 1780 Sed
1551 1722 1635 1778 etiam

303 1823 464 1902 vectigalia
487 1821 632 1880 Africana
652 1839 712 1878 non
736 1821 800 1879 sine
821 1821 949 1880 militum
970 1819 1120 1880 adiutorio
1143 1819 1353 1879 administrata
1377 1838 1446 1880 esse
1474 1830 1507 1880 et
1534 1833 1636 1898 sponte
1710 1833 1711 1902 ζ

302 1924 485 2002 intellegitur
511 1933 541 1982 et
565 1923 779 1982 confirmarunt
804 1922 863 1980 duo
891 1930 1084 1980 monumenta
1108 1941 1203 1998 nuper
1228 1929 1362 1996 reperta,
1395 1922 1502 1982 titulus
1531 1925 1569 1982 ad
1594 1923 1634 1985 Si·
1710 1907 1711 1984 J

305 2027 412 2085 mitthu
438 2025 569 2085 effossus
600 2023 707 2082 aetatis
735 2023 917 2082 Tiberianae
945 2023 1050 2082 militis
1077 2023 1207 2100 legionis
1232 2023 1409 2097 Africanae,
1436 2023 1489 2100 qui
1515 2044 1582 2084 cum
1608 2031 1634 2084 ta
1710 2059 1711 2062 =

300 2130 450 2204 praesidio
477 2137 548 2186 esset
573 2129 603 2184 a'rs
629 2127 706 2186 saltu
731 2127 959 2196 Philomusiono,
992 2125 1028 2182 ab
1057 2125 1135 2183 hoste
1160 2129 1191 2184 a'a
1211 2144 1315 2202 pupae
1341 2129 1450 2185 occisus
1483 2127 1578 2203 επὶ),
1610 2139 1636 2185 et
1710 2175 1711 2202 3

304 2229 434 2306 epistula
455 2247 547 2305 supra
568 2228 659 2286 citata
681 2228 853 2288 colonorum
869 2227 1122 2286 Burunitanorum
1141 2227 1221 2302 apud
1236 2225 1434 2287 Commodum
1449 2231 1635 2303 querentium

304 2331 341 2391 de
362 2339 571 2408 procuratore,
603 2330 684 2406 quod
706 2347 758 2387 eos
786 2337 926 2388 vexasset
951 2332 1045 2386 missis
1071 2328 1208 2386 militibus
1234 2333 1265 2386 in
1290 2329 1394 2387 suburra
1413 2330 1634 2390 Baranitoaum.
1710 2385 1711 2420 3

306 2431 364 2505 Qui
387 2431 496 2491 milites
519 2431 640 2508 quinam
663 2441 773 2502 essent,
795 2430 893 2489 adhuc
914 2431 1140 2508 ignorabamus;
1163 2449 1232 2488 nam
1255 2430 1439 2508 legionarios
1461 2433 1531 2492 sine
1550 2433 1633 2492 dnbio
1710 2457 1711 2536 q

305 2553 429 2592 numero
452 2550 564 2609 paucos
587 2533 625 2590 ad
647 2531 777 2591 officium
799 2533 989 2610 proconsulis
1011 2533 1120 2592 missos
1143 2535 1186 2590 eis
1209 2531 1336 2608 negotiis
1360 2533 1518 2592 suffecisse
1532 2535 1635 2612 proba·

305 2637 452 2694 bilitatem
475 2635 587 2693 nullam
609 2635 746 2692 hahebat.
795 2633 860 2692 Iam
882 2652 953 2693 vero
976 2641 1136 2709 postquam
1162 2633 1337 2693 rescivimus
1365 2634 1520 2694 cohortem
1546 2637 1634 2694 milia·

306 2737 380 2794 riam
404 2734 587 2814 Carthagine
609 2736 709 2794 sedern
732 2735 886 2807 habuisse,
913 2735 1080 2812 quaestioni
1103 2735 1147 2793 illi
1169 2735 1311 2794 habemus
1334 2737 1564 2814 responsionem
1586 2757 1634 2814 pa·
1710 2753 1711 2832 ἐ

306 2845 418 2910 ratam,
451 2855 545 2912 eoque
577 2837 672 2914 magis
705 2845 856 2914 paratam,
890 2838 971 2912 quod
1003 2836 1116 2895 reditus
1149 2835 1281 2894 Africani
1318 2837 1486 2914 imperante
1519 2839 1635 2898 Nerone

307 2956 488 3016 magnopere
515 2947 670 2997 creverant
696 2945 725 2998 et
751 2939 941 3016 vectigalium
968 2957 1069 2996 curam
1099 2937 1199 2996 nullus
1226 2939 1438 3014 imperatorum
1465 2941 1635 3019 diligentius
1710 2923 1711 3000 l

307 3041 368 3118 egit
389 3059 478 3118 quam
501 3038 718 3117 Vespasianus.
766 3041 928 3099 Praeterea
949 3057 1014 3098 cum
1037 3059 1076 3097 ex
1101 3039 1196 3098 titulis
1222 3039 1346 3098 militum
1376 3041 1633 3102 urbanicianorum
1710 3069 1711 3106 t

306 3143 338 3202 in
359 3142 466 3200 Africa
492 3141 619 3218 repertis
647 3141 696 3199 alii
720 3140 901 3218 Carthagine
927 3141 1106 3216 prodierint,
1133 3141 1184 3200 alii
1211 3141 1302 3200 Musti
1331 3151 1362 3200 et
1383 3139 1488 3202 Siccae
1515 3146 1545 3202 in
1572 3165 1633 3220 pro·
1710 3151 1711 3186 t

306 3245 407 3302 vincia
428 3243 634 3318 proconsulari
657 3255 686 3302 et
709 3242 800 3305 Satafi
823 3245 853 3301 in
875 3243 1078 3314 Mauretania,
1112 3243 1203 3302 hosce
1229 3243 1339 3302 milites
1366 3244 1398 3302 in
1426 3254 1568 3322 promptu
1594 3253 1635 3304 est

307 3346 418 3404 missos
441 3361 508 3404 esse
530 3363 566 3402 eo
584 3345 623 3403 ad
638 3345 804 3405 custodiam
819 3343 946 3403 saltuum
963 3343 1112 3404 Caesaris.
1150 3344 1289 3422 Denique
1305 3347 1385 3422 quod
1402 3364 1497 3424 supra
1512 3349 1634 3407 vidimus

307 3448 338 3504 in
360 3455 549 3505 monumento
567 3444 805 3526 Carthaginiensi
826 3447 925 3505 nullos
947 3447 1082 3504 homines
1103 3447 1154 3522 qui
1178 3447 1296 3524 quidem
1317 3448 1418 3508 officia
1441 3449 1573 3508 habeant
1593 3467 1633 3507 se-

308 3549 407 3623 pultos
422 3566 489 3606 esse
504 3549 564 3606 nisi
579 3549 680 3624 aliqua
694 3549 808 3609 ratione
823 3549 878 3608 sub
893 3557 1086 3624 procuratore
1097 3548 1285 3622 constitutos,
1297 3549 1356 3608 iam
1372 3561 1499 3628 apparet
1514 3553 1634 3610 fortasse

307 3649 396 3708 etiam
419 3650 458 3707 ad
479 3649 675 3725 legionarium
697 3651 831 3720 militem,
853 3659 933 3709 certe
953 3649 992 3707 ad
1013 3649 1137 3708 militem
1159 3651 1290 3710 cohortis
1305 3650 1320 3708 I
1337 3651 1469 3710 urbanae
1483 3654 1633 3730 peruenire

307 3751 385 3809 iuter
403 3751 536 3827 reliquos
558 3753 667 3813 ibidem
689 3753 848 3830 sepultum.

367 4012 391 4075 ¹)
410 4013 556 4064 Hadrianus
569 4014 595 4063 in
609 4013 773 4066 adlocutione
787 4014 820 4064 sd
833 4014 961 4079 legionem
975 4014 1126 4068 Africanam
1147 4013 1187 4077 (C.
1202 4015 1277 4076 VIII,
1294 4014 1376 4078 2532)
1394 4015 1462 4068 inter
1475 4017 1633 4068 difficultates

309 4104 418 4154 militiae
436 4103 485 4154 hoc
505 4120 606 4170 quoque
624 4107 710 4170 ponit,
731 4105 798 4172 quod
816 4103 927 4156 erunibus
945 4107 1020 4156 unam
1037 4121 1084 4173 per
1103 4107 1215 4158 vicesis
1234 4107 1342 4174 officium
1359 4105 1547 4174 pr[ocou]aalis
1564 4109 1633 4158 mitti-

309 4202 358 4246 tur.
397 4195 437 4246 Cf.
459 4192 618 4246 Staotsrecht
635 4199 650 4245 2
669 4213 695 4261 p.
710 4197 772 4248 252.

367 4285 392 4348 ⁹)
411 4288 478 4336 Eum
501 4288 627 4338 edidimus
653 4289 763 4340 Carolus
786 4290 874 4340 Tissot
899 4290 968 4354 apud
991 4291 1141 4340 Florianum
1162 4290 1293 4341 Vallentin
1322 4289 1435 4342 Balteus
1457 4289 1633 4358 e'ps'yraphaqus

309 4378 340 4428 de
360 4379 387 4428 la
407 4376 585 4429 Gaulevol.1
605 4380 699 4441 (1881)
722 4397 748 4445 p.
762 4383 796 4433 99
818 4389 843 4430 et
861 4388 994 4446 acceptum
1017 4381 1049 4431 ab
1070 4381 1161 4432 eodem
1181 4383 1293 4434 Tiasotio
1314 4398 1361 4447 ego
1380 4383 1408 4433 in
1427 4383 1476 4434 hcc
1495 4382 1632 4449 Ephemi

309 4487 334 4535 p.
347 4470 398 4522 537
418 4471 520 4521 adlecta
539 4471 757 4536 interpretatione.
1710 4455 1711 4464 ἵ
