3444 5932
432 613 729 681 onsaavamo'sas
747 623 1030 679 amonannroan.
1333 599 1403 674 157

97 803 127 860 ad
149 803 330 878 magistratus
352 802 459 860 ltaliae
488 801 700 877 praesidesque
729 800 957 875 provinciarum.
1000 798 1052 856 Ab
1078 798 1114 856 iis
1143 817 1209 856 eum
1239 797 1403 857 secundum

98 902 188 962 Dionis
207 903 302 963 locum
325 921 417 980 supra
437 903 563 962 relatum
578 901 673 962 Gaius
697 901 883 975 abstinuerit,
905 899 1099 960 nihilominus
1119 907 1215 958 autem
1232 899 1333 957 statim
1356 915 1404 956 sa-

97 1013 255 1064 cramentnm
277 1025 330 1083 per
346 1005 517 1064 uuiversum
532 1004 633 1064 orbem
650 1013 795 1062 terrarum
809 1003 978 1062 Romanum
999 1001 1174 1079 praestitum
1196 1019 1262 1060 esse
1284 1000 1404 1059 tabulae

97 1125 172 1182 supra
190 1108 299 1166 relatae
321 1107 481 1174 declarent,
504 1107 674 1165 necessario
697 1106 831 1181 seqnitur
847 1103 928 1165 Gaio
943 1105 1122 1182 imperatore
1144 1103 1222 1161 facto
1244 1101 1274 1160 id
1297 1111 1404 1178 sponte

96 1216 243 1284 susceptum
265 1227 347 1280 esse3
376 1208 406 1267 id
429 1209 509 1284 quod
535 1209 606 1266 item
629 1209 746 1286 egregie
767 1207 905 1266 convenit
928 1205 1065 1284 publicae
1093 1205 1239 1275 laetitiae,
1266 1223 1326 1281 qna
1351 1204 1404 1260 illa

95 1309 192 1385 imperii
217 1311 375 1369 translatio
397 1327 501 1368 omnes
523 1318 611 1369 antea
638 1319 781 1387 posteave
802 1308 897 1368 iactas
918 1308 1006 1384 longe
1030 1306 1194 1384 superavit,
1223 1306 1260 1364 ab
1284 1305 1403 1381 aequali

96 1409 202 1468 Philone
225 1411 395 1471 luculenter
423 1421 561 1470 enarrata
587 1421 618 1470 et
642 1411 779 1470 similiter
800 1411 870 1468 item
893 1411 1047 1468 enuntiata
1073 1409 1102 1466 in
1132 1407 1257 1466 exordio
1285 1407 1403 1465 tabulae

96 1513 240 1571 nesiorum.
283 1513 334 1572 Ita
355 1533 422 1573 cum
444 1513 601 1572 formulam
629 1511 842 1571 iurisiurandi
865 1529 924 1569 non
950 1511 1089 1588 princeps
1112 1510 1246 1581 dictarit,
1277 1509 1330 1566 sed
1352 1509 1403 1584 qui

97 1621 291 1673 sacramentum
314 1614 390 1673 illud
411 1615 500 1692 primi
523 1614 745 1692 praestiterunt,
767 1613 797 1671 id
819 1621 873 1683 est,
896 1620 928 1670 ut
943 1613 985 1670 ait
1001 1611 1123 1671 Tacitus
1146 1611 1176 1669 in
1192 1611 1323 1682 Tiberio,
1345 1609 1404 1668 Ro·

96 1733 143 1772 uue
160 1717 283 1775 conculca
308 1726 407 1794 patrea
429 1734 525 1792 eques,
552 1717 583 1774 in
607 1713 685 1775 Gaio
706 1715 795 1774 facile
821 1713 974 1772 immutari
1000 1714 1097 1790 potuit
1118 1722 1147 1771 et
1168 1712 1285 1789 augeri,
1313 1711 1404 1788 idque

96 1835 148 1874 rere
165 1817 271 1878 laetum
297 1837 363 1877 esse
378 1818 536 1877 verisimile
559 1826 614 1889 est,
637 1835 817 1894 quamquam
839 1825 920 1874 certo
942 1815 973 1873 id
994 1815 1191 1874 demonstrari
1213 1833 1271 1872 non
1295 1819 1403 1890 potest,

97 1935 144 1974 cum
163 1919 316 1979 sollemnis
339 1921 468 1979 formula
489 1919 667 1980 sacramenti
682 1919 779 1996 qualis
802 1918 894 1977 fuerit
915 1917 1075 1994 ignoretur.
1100 1950 1134 1960 -
1160 1916 1195 1974 ln
1217 1924 1403 1974 sacramento

98 2028 196 2096 nboqne
217 2021 432 2100 distinguenda
453 2031 524 2080 sunt
544 2021 711 2081 communia
737 2027 1005 2091 sacramentorum,
1032 2035 1235 2096 quaecumque
1258 2017 1348 2074 Aritii
1374 2023 1404 2074 et

101 2121 150 2178 tui
172 2123 292 2198 publice
314 2123 519 2201 adigerentur,
548 2133 577 2182 et
605 2123 729 2201 propria
750 2121 928 2181 sacramenti
950 2119 1142 2197 imperatorii.
1188 2117 1333 2178 Clausala
1355 2136 1403 2176 sa-

102 2225 211 2283 cramenti
239 2233 304 2284 tam
326 2224 436 2284 Latina
456 2243 546 2302 quam
569 2223 687 2284 Graeca
713 2225 751 2282 ad
773 2223 943 2282 communia
970 2223 1115 2297 pertinet;
1144 2221 1224 2281 illam
1252 2221 1324 2279 olim
1351 2221 1402 2278 ob·

99 2334 217 2384 senatum
240 2336 293 2386 est
313 2326 410 2386 redire
432 2327 461 2384 in
485 2326 643 2386 annalibus
665 2325 736 2384 belli
751 2325 944 2385 Hannibalici
954 2323 992 2400 ¹),
1016 2325 1089 2384 baec
1110 2323 1215 2382 iisdem
1237 2322 1336 2380 verbis
1358 2341 1401 2378 re·

95 2425 182 2498 peritur
201 2427 231 2486 in
255 2427 353 2488 titulis
376 2428 443 2487 aliis
467 2425 641 2504 Graecis2).
685 2426 817 2486 Numina
839 2445 958 2503 quoque
979 2425 1148 2485 communia
1173 2433 1257 2495 sunt,
1285 2442 1321 2481 oa
1347 2421 1403 2480 sci·

95 2524 147 2585 licet
164 2546 212 2606 per
226 2548 309 2606 quae
325 2529 487 2589 secundum
509 2529 597 2589 unius
617 2529 759 2605 cuiusque
775 2529 906 2588 civitatis
928 2529 1009 2604 leges
1031 2528 1151 2603 publice
1166 2527 1289 2584 iuratur.
1322 2522 1403 2584 Nam

94 2628 157 2700 quod
175 2631 261 2691 Assii
287 2631 388 2690 iurant
413 2651 467 2708 per
493 2633 616 2690 numina
642 2649 698 2690 sua
723 2649 805 2689 more
830 2628 962 2702 Graeco,
991 2628 1130 2688 Lusitani
1159 2646 1239 2686 more
1266 2627 1403 2686 Romano

94 2732 218 2808 peregrini
243 2733 372 2810 utrique,
395 2733 426 2792 id
448 2751 513 2792 cnm
536 2752 572 2792 eo
587 2733 775 2792 coniunctum
790 2741 846 2803 est,
869 2731 948 2808 quod
962 2730 1005 2788 illi
1023 2729 1141 2789 Graeca
1155 2729 1257 2806 lingua
1272 2739 1404 2801 utuntur,

92 2829 115 2887 bi
132 2829 232 2892 Latina
255 2843 285 2892 et
307 2835 428 2894 omnino
451 2835 530 2913 quod
552 2835 708 2913 imperium
732 2833 899 2892 Romanum
922 2850 980 2891 non
1004 2832 1047 2891 ita
1069 2840 1101 2888 ut
1123 2828 1242 2890 Graeca
1263 2833 1404 2890 barbaro·

92 2949 142 2990 mm
161 2952 279 3012 quoque
301 2954 378 3012 quos
406 2937 507 2996 dicunt
532 2937 668 2996 instituta
693 2935 815 3013 publiea
840 2935 960 2994 admisit
986 2945 1016 2992 et
1037 2951 1093 2991 sua
1115 2933 1302 3010 aliquatenus
1323 2934 1403 2992 lecit.

92 3030 181 3094 Gaiani
202 3039 386 3097 sacramenti
408 3039 531 3116 propria
553 3039 627 3098 baec
649 3056 708 3097 non
731 3045 808 3097 sunt.
843 3034 903 3096 Sed
924 3035 1021 3111 ipsum
1038 3035 1117 3112 quod
1139 3036 1254 3094 iuratur
1273 3037 1302 3094 in
1324 3043 1402 3094 utro-

91 3151 136 3209 que
153 3137 351 3198 instrumento
372 3140 415 3199 ita
437 3140 526 3216 parili
542 3139 630 3199 modo
652 3139 795 3215 procedit,
819 3147 852 3197 nt
873 3145 973 3216 aperte
995 3157 1033 3197 ex
1047 3137 1177 3196 formula
1193 3137 1321 3216 pendeat
1342 3145 1403 3196 tam

89 3233 227 3300 Lusitanis
248 3259 339 3318 qnam
357 3242 480 3300 Asianis
503 3261 541 3301 ex
556 3243 630 3301 urbe
650 3241 830 3300 transmissa
851 3249 881 3300 et
896 3225 965 3299 Gaii
987 3257 1080 3298 causa
1102 3247 1254 3317 concepta.
1291 3239 1402 3297 Potue-

89 3349 146 3398 runt
168 3343 288 3402 omniuo
315 3343 407 3403 verba
432 3343 534 3402 eadem
565 3351 626 3402 tum
652 3343 789 3418 usurpari
817 3343 927 3420 quibus
953 3351 1022 3401 ante
1049 3341 1159 3402 Gaium
1186 3351 1215 3400 et
1241 3353 1310 3417 post
1336 3360 1402 3398 eum

88 3439 155 3500 cives
175 3443 342 3521 subditique
364 3444 595 3522 imperatoribus
617 3455 834 3505 sacramentnm
862 3445 1089 3522 praestiterunt;
1116 3443 1168 3503 sed
1189 3442 1286 3520 magia
1310 3442 1403 3501 oredi-

88 3539 168 3601 derim
188 3546 216 3604 in
241 3543 390 3605 Gaianam
413 3547 568 3624 proprium
586 3546 728 3623 quiddam
743 3546 813 3605 novi
828 3546 1016 3622 imperatoris
1032 3545 1162 3604 studium
1177 3543 1328 3615 intulisse3
1354 3563 1403 3602 ne-

89 3660 137 3717 que
156 3647 315 3706 verisimile
337 3647 368 3705 in
389 3649 482 3706 verba
502 3649 616 3707 Tiberii
639 3648 685 3708 vel
705 3648 829 3708 Traiani
851 3666 905 3725 per
927 3648 1095 3707 universum
1118 3646 1274 3724 imperium
1297 3645 1338 3703 ita
1360 3645 1403 3702 iu-

88 3751 171 3804 ratum
192 3766 269 3818 esse,
292 3757 325 3806 ut
347 3749 459 3808 amicos
482 3749 619 3808 hostesve
641 3768 744 3810 omnes
767 3750 824 3809 sibi
846 3750 910 3808 fore
926 3750 1104 3825 sponderent
1118 3749 1170 3824 qui
1185 3747 1288 3805 eodem
1304 3747 1402 3805 animo

89 3845 114 3902 in
138 3849 294 3926 principem
317 3860 428 3909 essent.
476 3851 603 3911 Accedit
624 3851 704 3926 quod
730 3849 889 3909 formulam
914 3870 979 3910 eam
1006 3861 1144 3909 auctores
1171 3848 1303 3908 referunt
1328 3857 1401 3906 tam-

89 3963 165 4020 quam
185 3950 366 4028 singularem
389 3961 419 4011 et
439 3952 589 4012 insolitam
612 3953 739 4012 sortasse
762 3970 821 4009 non
844 3953 939 4011 solum
962 3959 1085 4030 propter
1107 3968 1243 4011 sororum
1262 3949 1402 4007 adiectio-

90 4065 156 4123 nem,
176 4054 227 4112 sed
249 4054 339 4112 etiam
361 4063 483 4131 propter
504 4055 570 4132 ipsa
593 4055 693 4112 verba.
731 4053 797 4113 Hoc
819 4061 852 4112 ut
868 4055 899 4112 in
914 4054 1084 4113 coniectura
1104 4053 1236 4129 positum
1252 4059 1306 4123 est,
1328 4051 1403 4110 illud

90 4161 184 4211 certum
216 4154 335 4213 videtur
367 4174 431 4214 esse
467 4173 534 4215 cum
570 4156 777 4216 coniuratione
813 4156 865 4214 illa
900 4165 1007 4233 sponte
1044 4164 1183 4231 suscepta
1214 4157 1401 4214 coniunctum

90 4250 182 4328 luisse,
209 4267 241 4314 ut
263 4264 481 4318 sacramentum
504 4275 564 4328 non
587 4257 683 4316 solnm
706 4259 737 4316 in
760 4257 878 4316 tabulas
905 4257 1042 4335 publicas
1065 4257 1240 4329 referretur,
1269 4255 1300 4314 id
1322 4253 1402 4330 quod

90 4359 222 4438 tommuni
243 4359 306 4418 iure
329 4359 493 4430 obtinebat,
516 4358 567 4416 sed
590 4367 745 4436 praeterea
767 4360 805 4418 ad
826 4359 902 4436 legis
925 4358 1050 4417 sormam
1073 4359 1103 4417 in
1120 4378 1188 4418 aere
1203 4357 1402 4436 perscriptum

140 4549 160 4610 1)
178 4551 264 4618 Scipio
284 4551 353 4618 apud
372 4553 473 4603 Livium
494 4550 541 4612 22,
569 4551 602 4601 53
628 4552 696 4601 cives
719 4551 830 4615 patriam
854 4551 1000 4602 deserturos
1024 4551 1093 4615 cogit
1116 4557 1144 4600 ut
1167 4551 1252 4600 iurent
1274 4550 1301 4598 in
1325 4549 1403 4598 verba

91 4635 156 4690 baec:
181 4659 210 4694 ec
226 4646 275 4695 mea*
292 4645 371 4694 onsiui
388 4644 520 4704 sententio,
550 4649 578 4692 ut
601 4658 646 4708 eqo
670 4658 721 4693 rem
737 4641 864 4710 publicam
877 4643 971 4710 populi
988 4641 1098 4693 Romani
1119 4658 1168 4692 noa
1191 4641 1303 4693 deserum
1325 4655 1402 4705 neque

93 4729 157 4782 alima
173 4735 246 4786 oium
264 4735 378 4788 demere
392 4735 498 4802 potior.-
526 4734 551 4784 ai
569 4735 649 4784 aciens
659 4733 743 4798 sollo,
770 4741 820 4784 tum
843 4750 879 4784 me
897 4733 1013 4802 Iuppiter
1036 4735 1142 4802 optumus
1163 4734 1284 4782 mucimus
1307 4729 1402 4782 domum

87 4819 197 4881 swfla'om
213 4844 310 4896 remque
328 4843 406 4878 meum
423 4827 530 4894 pessimo
550 4825 597 4876 leto
618 4824 730 4891 adficiat.

140 4912 162 4976 ²)
178 4917 296 4971 Proxime
315 4920 416 4970 aceedit
433 4919 467 4969 ad
486 4918 554 4968 hano
572 4917 685 4968 formula
707 4925 782 4982 pacto
802 4919 935 4969 Latiorum
959 4927 985 4968 et
1003 4918 1166 4969 Olontiorum
1186 4917 1277 4966 Cretae
1302 4914 1401 4964 insulae

94 5003 190 5058 subiecta
212 5006 253 5074 (C.
266 5013 287 5062 1.
303 5011 349 5063 Gr.
370 5011 452 5072 2554,
474 5009 549 5073 125)ι
581 4997 659 5078 ὀμνύω
685 4995 728 5058 raia
746 5000 852 5059 Ἑστίαν
875 5017 922 5060 oet.
943 5005 1079 5078 ιύορκέοντι
1103 5005 1146 5077 μὶν
1169 4995 1229 5074 ἧμιν
1251 4992 1339 5055 πολλοὶ
1361 5003 1401 5054 aul

95 5084 175 5161 irasci,
194 5097 329 5169 terpsicore
349 5098 376 5152 bi
395 5089 427 5151 rei
446 5095 549 5151 Ινιιντία.
587 5101 688 5154 Similia
707 5103 869 5165 reperiuntur
888 5103 984 5152 ibidem
1003 5118 1028 5152 n.
1045 5101 1124 5150 1688.
1144 5099 1223 5149 2555.
1244 5098 1329 5158 3137;
1349 5097 1402 5160 egit

94 5183 120 5235 dt
136 5189 184 5254 bia,
206 5196 282 5247 etiam
305 5195 337 5246 de
355 5195 442 5246 lorma
461 5189 582 5262 ἔψιορκιΐν
606 5194 647 5242 vel
671 5188 782 5260 Ιφορκιῖν
805 5209 852 5258 pro
875 5191 1007 5263 Ιιιιορκιῖν,
1032 5191 1179 5243 Boeclahius
1199 5189 1295 5239 ibidem
1319 5189 1398 5238 roll

93 5279 179 5338 1a808.
