3348 5926
303 605 377 676 614
750 627 1026 680 anurrarmura
1054 626 1137 679 von.
1157 631 1201 680 ru

307 725 406 740 ——q

302 803 403 858 cloiam
424 800 627 860 Ronaunomm.
677 802 738 861 Alo
759 801 893 879 Augusta
920 803 1072 862 titulorum
1095 803 1336 862 Britannicorum
1351 799 1426 873 Vll,
1448 799 1597 867 340-314,

300 902 372 962 item
400 905 452 961 ola
479 903 501 960 I
528 904 663 979 Augusta
693 905 739 963 uel
768 908 820 964 ula
849 906 983 984 Augusta
1009 906 1162 965 titulorum
1192 903 1378 966 Gallicorum
1406 903 1598 977 Italicorunque
1659 981 1660 996 ἵ

302 1024 394 1082 88888
416 1024 443 1082 8.
462 1005 521 1066 946
544 1009 779 1084 compositorum
802 1025 862 1084 quo
885 1010 1063 1085 pertineant,
1086 1009 1202 1068 definiri
1225 1027 1284 1068 nou
1307 1015 1413 1083 potest.
1659 1001 1660 1010 ’

342 1103 368 1184 ’)
390 1108 480 1166 Alam
505 1109 669 1186 Aprianam
698 1121 798 1168 castra
823 1111 967 1171 habuisse
995 1113 1032 1170 ad
1060 1110 1179 1187 Syenen
1207 1109 1339 1170 ostendit
1366 1109 1465 1168 titulus
1489 1105 1599 1174 asota

301 1218 458 1288 praeterea
478 1211 649 1270 nominatur
670 1213 701 1270 in
716 1213 925 1272 Memnoniaco
948 1235 977 1272 n.
994 1213 1032 1271 49
1056 1214 1125 1272 8881
1145 1213 1203 1272 170
1226 1225 1256 1272 81
1278 1213 1308 1271 18
1322 1209 1600 1288 NotitiaDignitatuu

303 1313 356 1372 Or.
374 1313 423 1386 28,
447 1313 495 1372 39.
540 1311 625 1373 Η888
647 1315 738 1392 igitur
758 1335 813 1392 per
834 1324 976 1391 quattuor
999 1315 1119 1375 saecula
1140 1316 1171 1373 in
1195 1317 1337 1393 Aegypto
1358 1321 1458 1372 eastra
1477 1313 1570 1370 habuit.

343 1412 368 1492 ⁴)
389 1409 473 1486 Εἴλης
493 1419 689 1493 Κομμαγενῶν
711 1417 845 1476 meminit
873 1418 975 1476 titulus
998 1418 1097 1476 Talmi
1121 1419 1259 1478 inventus
1281 1415 1316 1476 C.
1330 1417 1354 1475 1.
1369 1414 1423 1476 Gr.
1437 1415 1526 1485 5057;
1545 1433 1602 1491 prae

303 1528 385 1578 terea
406 1519 492 1576 8181
514 1517 786 1597 Commagenorum
810 1521 960 1579 invenitur
981 1521 1010 1576 in
1035 1519 1121 1578 titulo
1144 1517 1288 1578 Celsiano
1311 1539 1340 1576 n.
1357 1517 1449 1578 5994.

344 1616 368 1697 ⁵)
391 1619 532 1680 Cohortis
555 1623 669 1700 primae
684 1622 907 1681 Pannoniorum
925 1623 1129 1682 cohortiumre
1145 1623 1307 1700 primarum
1330 1619 1415 1696 (nam
1430 1621 1525 1698 plures
1538 1619 1605 1676 luisse

303 1723 466 1782 verisimile
489 1724 549 1798 est)
572 1725 687 1801 lapides
702 1725 859 1803 compositi
876 1733 945 1784 sunt
960 1743 1051 1802 supra
1066 1743 1095 1800 p.
1110 1723 1186 1794 1823
1208 1725 1245 1782 de
1261 1723 1398 1782 exercitu
1414 1733 1547 1800 quatenus
1560 1737 1604 1777 cau·

304 1835 377 1898 stat,
403 1827 552 1902 pertinent
573 1827 610 1885 ad
633 1827 839 1886 Pannonicum
864 1827 925 1904 (III
948 1847 976 1905 p.
991 1825 1100 1904 1159),
1129 1825 1312 1885 Germaniae
1335 1826 1500 1902 superioris
1520 1823 1605 1898 (8888-
1660 1825 1661 1836 ’

303 1927 380 1986 bach
402 1927 472 1986 740.
492 1927 683 2004 7431519),
706 1930 912 1989 Britannicum
936 1928 1138 2005 (1Χ,9649).
1183 1929 1219 1987 18
1241 1931 1386 2006 Aegypto
1408 1937 1551 2006 praeterea
1568 1943 1606 1982 nur

304 2039 457 2105 comparet
478 2031 536 2090 nisi
558 2032 589 2090 in
612 2029 730 2091 Notitia
751 2030 805 2092 Or.
822 2031 872 2104 98,
894 2033 931 2092 41
957 2033 1057 2090 colora
1076 2035 1173 2108 prima
1194 2030 1330 2108 Augusta
1351 2031 1560 2090 Pannoniorum

345 2126 369 2208 ⁸)
393 2129 552 2192 Cohortem
565 2132 769 2210 Hispanorum
791 2145 891 2194 castra
905 2135 1049 2193 habuisse
1063 2133 1101 2190 ad
1114 2133 1214 2192 Talmi
1230 2133 1397 2192 docuerant
1412 2133 1490 2191 tituli
1503 2129 1562 2190 (1.1.
1572 2127 1607 2185 Gr.

306 2235 397 2294 5043.
414 2235 504 2294 5046.
522 2235 613 2295 5047.
650 2236 783 2296 Numero
799 2237 926 2314 primam
942 2236 1037 2296 luisse
1052 2255 1130 2296 nuuc
1144 2237 1356 2314 intellegimus.
1393 2234 1556 2294 Cohortium
1567 2233 1608 2288 eius

305 2337 434 2396 nominis
456 2338 560 2397 titulos
584 2356 675 2416 supra
697 2341 923 2416 composuimus
946 2359 975 2416 p.
991 2339 1064 2410 1673
1087 2339 1125 2397 ad
1141 2340 1313 2415 Aegyptum
1335 2347 1458 2414 praeter
1476 2337 1527 2394 hos
1541 2333 1607 2392 nullu

306 2439 395 2499 ducit.

347 2535 371 2618 ²)
396 2539 557 2602 Cohortem
573 2543 588 2601 1
604 2543 739 2602 Flauiam
757 2542 883 2604 Cilicum
906 2544 1068 2604 tetendisse
1090 2546 1121 2604 in
1137 2546 1278 2621 Aegypto
1300 2545 1357 2602 sub
1374 2543 1527 2602 Hadriano
1541 2551 1564 2598 et
1575 2537 1607 2594 Pir

306 2645 469 2704 ostendunt
491 2645 567 2704 tituli
590 2643 624 2706 C.
649 2665 677 2706 n.
695 2646 775 2706 6095
799 2659 828 2706 81
850 2646 884 2706 C.
900 2647 926 2706 I.
943 2645 999 2706 Gr.
1015 2647 1096 2706 4713
1102 2649 1131 2721 s.

348 2741 371 2822 ³)
394 2745 479 2806 Haec
501 2757 548 2807 est
569 2748 678 2807 cohors
701 2749 768 2808 sola
790 2769 828 2809 ex
852 2761 965 2828 septem
988 2749 1108 2809 residua
1130 2745 1609 2822 18181888818881111888088111881

307 2849 388 2908 edito
410 2867 503 2926 snpra
525 2870 553 2908 n.
569 2851 617 2922 15,
642 2851 692 2910 ubi
715 2851 752 2910 de
775 2871 809 2910 ea
830 2853 962 2910 diximus
985 2872 1012 2929 p.
1030 2851 1058 2909 9.

348 2946 372 3028 9)
394 2951 485 3010 Redit
506 2953 537 3011 in
560 2952 647 3011 111818
670 2953 878 3012 Memnoniaco
902 2975 929 3012 n.
947 2954 984 3010 37
1010 2954 1080 3012 anni
1095 2953 1144 3012 95.

350 3047 381 3128 ὀ)
406 3051 493 3112 Hanc
515 3063 615 3114 castra
637 3055 778 3114 habuisse
801 3057 831 3113 in
853 3059 995 3134 Aegypto
1023 3056 1178 3133 superiore
1203 3055 1372 3114 docuerunt
1399 3045 1612 3114 1118110101.
1662 3101 1663 3126 ,

309 3155 391 3214 5050
413 3155 601 3233 (8881147).
625 3156 702 3217 5081
730 3158 769 3233 (8.
791 3158 873 3233 136).
890 3159 980 3216 5110.
1026 3157 1083 3215 Est
1105 3158 1194 3216 etiam
1217 3159 1247 3215 in
1270 3155 1462 3217 1181111808.
1484 3151 1612 3222 stall·
1662 3167 1663 3172 ’

308 3257 425 3316 Horum
448 3259 602 3318 titulorum
629 3261 749 3336 ignarus
771 3259 982 3334 Desjardinius
1008 3260 1160 3317 cohortem
1187 3260 1245 3318 hoc
1271 3259 1336 3318 loco
1367 3260 1498 3319 inseruit
1521 3255 1612 3332 prinu

308 3359 506 3438 Ityraeorum,
528 3363 594 3437 ipse
616 3361 772 3420 consessus
795 3362 858 3420 eius
880 3361 911 3420 in
935 3364 1075 3438 Aegypto
1097 3362 1212 3420 nullum
1236 3361 1399 3440 uestigium
1423 3362 1549 3438 reperiri.

351 3458 386 3538 ¹¹)
410 3460 527 3523 Cohors
550 3463 596 3521 llI
618 3463 807 3540 Ityraeorum
830 3473 918 3522 88188
945 3464 1115 3522 innotuerat
1139 3483 1178 3522 ex
1205 3463 1280 3522 solis
1307 3464 1407 3522 titulis
1436 3462 1613 3541 praelecturun

310 3562 424 3638 CIX,
450 3565 539 3624 1619.
577 3565 669 3637 VIII,
694 3563 784 3624 9394.
805 3565 885 3626 2395
914 3566 995 3642 (vide
1025 3584 1117 3640 supra
1143 3567 1275 3642 p.194);
1309 3579 1412 3626 eastra
1439 3567 1489 3624 uhi
1511 3563 1614 3622 fuluas

310 3668 512 3744 ignorabatur.
561 3668 597 3726 In
620 3669 760 3745 Aegypto
788 3677 906 3744 praeter
936 3669 1098 3728 secundam
1124 3668 1310 3744 aliquamdiu
1340 3669 1468 3728 stetisse
1493 3664 1614 3743 septimam

310 3787 375 3828 cum
398 3791 437 3829 cx
459 3771 545 3829 titulo
567 3771 774 3830 Memnoniaoo
798 3767 833 3829 C.
850 3789 878 3829 8.
892 3770 930 3830 59
954 3779 1120 3844 888818881,
1148 3789 1214 3828 eam
1237 3771 1294 3828 huc
1315 3788 1441 3847 quoque
1461 3771 1525 3829 loco
1548 3761 1615 3822 uoui-

310 3881 410 3930 uatam
432 3871 527 3932 fuisse
549 3880 639 3931 antea
660 3874 846 3931 conieceram
869 3871 950 3947 (vide
967 3891 1059 3950 supra
1078 3892 1106 3948 p.
1122 3873 1196 3948 194)
1203 3894 1212 3944 ;
1234 3891 1325 3949 quam
1340 3875 1540 3932 coniecturam
1553 3864 1616 3925 lectio

312 3974 434 4050 expleta
455 3975 616 4054 redarguit.

354 4071 388 4151 ¹²)
409 4075 446 4134 L.
466 4075 612 4136 Laberius
634 4077 785 4136 Maximus
811 4077 889 4136 idem
918 4087 964 4136 est
991 4078 1056 4136 siae
1083 4077 1173 4136 dubio
1200 4085 1290 4153 atque
1317 4086 1498 4155 procurator
1520 4071 1616 4132 Iudaeae

313 4197 340 4236 a.
355 4178 390 4236 71
416 4177 573 4256 (Iosephus
595 4179 665 4239 bell.
681 4179 748 4238 Iud.
767 4180 795 4251 7,
810 4179 838 4252 6,
850 4179 887 4237 ’61
911 4169 1053 4236 ἐπέστειλε
1067 4182 1180 4262 Καῖσαρ
1194 4171 1302 4256 Βάσσῳ
1325 4169 1373 4236 uui
1386 4169 1508 4260 0888818
1529 4207 1560 4218 -
1576 4185 1614 4228 111·

311 4273 444 4361 Λαβερίῳ
474 4313 511 4325 -
542 4273 679 4364 Μαξίμῳ,
705 4261 785 4342 odada
807 4277 837 4340 δ’
863 4270 897 4352 ἧν
922 4273 1095 4363 luitpertus),
1123 4291 1301 4360 procurator
1327 4261 1548 4358 {amphitheatri
1567 4271 1616 4331 Fla·

312 4383 407 4458 viani)
430 4393 459 4442 et
480 4383 650 4461 praelectus
671 4403 807 4443 annonae
829 4403 857 4443 8.
870 4383 910 4444 80
932 4383 1014 4460 (acta
1029 4385 1134 4444 Arval.
1157 4404 1187 4462 p.
1201 4383 1270 4444 CVI
1286 4383 1436 4460 Henzen).
1473 4382 1544 4441 Eum
1556 4389 1615 4454 881·

312 4503 421 4544 nomen
449 4485 592 4545 hahuisse
612 4485 700 4544 Lucii
722 4495 753 4546 et
773 4506 800 4545 a.
817 4485 856 4545 83
880 4488 1050 4564 Aegyptum
1078 4485 1338 4547 administravisse
1363 4491 1425 4544 iam
1455 4481 1615 4543 addiscimu-

312 4585 411 4646 Filius
432 4587 498 4647 eius
520 4587 724 4648 videturesse
752 4587 806 4646 Μ’.
829 4588 977 4648 Laberius
999 4589 1150 4648 Maximus
1179 4589 1280 4649 clarus
1306 4590 1384 4647 inter
1409 4587 1501 4647 08888
1521 4571 1615 4642 Traiani

313 4690 418 4751 consul
441 4690 472 4748 Π
493 4691 662 4750 8801888188
683 4689 782 4750 8103
807 4691 850 4768 (r.
873 4689 934 4749 ind.
957 4689 1036 4750 Plin.
1060 4710 1088 4766 p.
1105 4691 1192 4768 416).

357 4787 390 4868 ¹³)
412 4791 530 4852 Tettius
557 4793 692 4854 Iulianus
721 4793 837 4871 legatus
865 4793 994 4872 legionis
1012 4792 1073 4852 VII
1106 4791 1253 4853 Claudiae
1281 4793 1415 4853 Moesiae
1448 4809 1484 4851 eo
1514 4795 1615 4861 tempor

312 4895 514 4972 praesidentis
536 4905 658 4972 propter
673 4895 849 4956 Roxolanos
871 4896 967 4956 victus
991 4914 1016 4953 a.
1035 4895 1073 4956 69
1097 4895 1306 4956 888881881688
1321 4891 1502 4956 ornamentis
1516 4889 1614 4948 donnus

313 5007 359 5058 est
380 4995 521 5074 (Tacitus
543 4997 614 5057 hiat.
633 5000 659 5070 1,
677 4998 744 5076 79),
770 4999 876 5058 081808
898 5017 964 5058 cum
987 4997 1113 5058 insidias
1137 4999 1193 5057 sibi
1216 5007 1345 5058 81888188
1368 4997 1504 5074 alegate
1523 4987 1615 5068 provin

313 5100 377 5160 uiae
399 5099 470 5178 luga
492 5100 635 5160 evitasset
656 5101 689 5177 (l.
705 5119 731 5159 c.
755 5101 783 5175 9,
800 5101 865 5178 85),
887 5102 917 5160 18
939 5121 966 5160 a.
980 5101 1019 5160 70
1034 5109 1154 5180 8888188
1170 5109 1288 5160 8888188
1306 5102 1506 5178 magistratum
1520 5099 1615 5172 propter

313 5202 409 5262 salsos
431 5203 551 5261 nuntius
574 5203 600 5262 81
623 5203 800 5280 abrogatum
823 5221 894 5262 mox
917 5205 1031 5282 recepit
1059 5205 1134 5281 (1.8.
1158 5207 1187 5277 4,
1210 5205 1260 5264 39.
1277 5204 1340 5280 40).
1389 5199 1542 5261 Consulem
1566 5203 1614 5248 eun

314 5305 426 5363 luctum
448 5323 516 5364 esse
538 5323 565 5364 8.
582 5305 619 5364 83
644 5305 702 5364 iam
725 5304 936 5382 comperimus.
