3444 5932
328 579 399 652 162
910 599 1092 653 MOMMSEN

330 778 455 833 centurio
478 774 576 833 adhuc
598 774 705 850 opinor
725 775 756 832 iu
779 775 945 832 classiariis
967 775 1043 833 solis
1065 783 1193 832 testatus
1215 777 1255 832 sit
1276 774 1321 848 (X
1337 793 1367 851 p.
1382 773 1487 849 1130).
1521 771 1581 832 Sed
1597 791 1651 832 euu

326 895 402 953 quae
425 877 455 935 in
478 896 510 936 re
532 875 653 936 militari
676 885 782 953 regnat
803 877 927 934 ambitio
949 877 998 934 hic
1020 895 1056 936 eo
1079 893 1111 934 se
1133 877 1251 954 prodat,
1274 875 1353 952 quod
1375 875 1427 950 qui
1449 876 1586 934 centurio
1605 875 1651 932 fuit

323 990 382 1037 non
406 979 464 1037 sibi
491 979 640 1037 satisfacit
665 979 814 1037 communi
840 978 972 1036 veterani
1001 979 1162 1048 vocabulo,
1191 979 1385 1036 nibilominus
1413 977 1573 1054 aliquoties
1599 977 1651 1034 eius

324 1081 509 1139 condicionis
537 1081 675 1139 homines
703 1081 852 1138 communi
881 1081 1012 1138 veterani
1044 1081 1163 1138 nomine
1190 1081 1323 1138 contenti
1351 1079 1485 1149 fuerunt,
1519 1088 1553 1136 ut
1577 1087 1652 1137 extra

325 1183 446 1240 dubium
470 1192 516 1240 est
542 1183 573 1239 in
600 1182 711 1240 treblano
738 1199 771 1238 en
797 1181 957 1258 cct(craao)
986 1181 1020 1241 O.
1037 1181 1101 1252 Ill,
1125 1183 1214 1240 3237.
1264 1183 1371 1258 Itaque
1396 1191 1559 1240 veteranos
1584 1181 1652 1236 uude

326 1283 421 1342 dictos
444 1301 548 1342 omnes
570 1283 690 1360 quidem
713 1284 836 1354 admisi,
867 1303 933 1341 curn
957 1303 1016 1342 non
1040 1283 1150 1342 multos
1172 1283 1248 1342 inter
1270 1302 1322 1342 eos
1350 1301 1417 1342 esse
1439 1281 1591 1340 confidam
1612 1281 1652 1356 qui

325 1385 386 1442 sint
407 1405 445 1443 ex
465 1386 652 1456 centurione3
676 1387 812 1444 cautione
829 1386 1021 1444 nibilominus
1036 1387 1065 1443 in
1082 1386 1129 1444 his
1145 1385 1285 1444 utendum
1301 1395 1355 1443 est.
1391 1385 1439 1443 Ita
1454 1382 1489 1442 G.
1506 1383 1651 1441 Amardus

326 1483 506 1546 Saturninus
528 1497 674 1545 veteranus
697 1486 793 1563 Aegy.
815 1507 862 1548 nn.
891 1507 924 1545 cc
947 1489 1054 1564 legione
1076 1488 1201 1546 secunda
1223 1486 1360 1544 Portbicc
1388 1495 1460 1563 post
1487 1485 1650 1542 missionem

326 1589 447 1647 decurio
469 1589 567 1647 factus
590 1588 669 1666 apud
685 1587 814 1664 Ligures
830 1589 999 1648 Baebiunos
1016 1587 1065 1664 (G.
1081 1589 1140 1662 IX,
1159 1589 1253 1664 1459)
1269 1589 1365 1666 magis
1383 1587 1517 1646 ordinem
1534 1586 1652 1644 duxisse

326 1691 443 1748 videtur
464 1708 554 1766 quam
576 1692 606 1748 iu
629 1691 734 1749 ordine
757 1691 912 1750 meruisse.

370 1790 430 1851 Sed
451 1792 510 1850 alio
532 1809 651 1867 quoque
674 1796 793 1851 nomine
815 1801 1024 1851 veteranorum
1047 1793 1124 1851 tituli
1147 1793 1340 1870 ambiguitate
1366 1792 1520 1850 laborant:
1548 1789 1654 1849 scilicet

325 1893 446 1951 domum
470 1913 561 1970 quam
583 1895 738 1953 enuntiant
760 1913 820 1953 uon
843 1913 910 1953 raro
932 1895 1035 1970 quaeri
1062 1905 1163 1972 potest
1190 1905 1288 1954 utrum
1316 1894 1475 1952 habuerint
1501 1903 1564 1952 tum
1593 1911 1650 1950 cum

323 1995 441 2072 probati
464 2003 533 2054 sunt
555 2014 592 2054 au
615 2015 681 2054 cum
704 1997 845 2054 missione
867 1996 913 2052 vel
936 2006 1003 2072 post
1025 1997 1200 2056 missionem
1221 1997 1426 2072 adquisierint
1464 1995 1513 2054 Ita
1526 1992 1652 2052 veterani

324 2096 383 2153 duo
406 2097 484 2155 tituli
506 2097 737 2173 Lugudunensis
760 2097 914 2172 (Boissieu
938 2117 967 2173 p.
985 2098 1069 2173 306),
1093 2100 1143 2174 qui
1166 2099 1211 2156 sic
1232 2107 1394 2174 conceptus
1416 2109 1474 2155 ests
1498 2091 1542 2153 Μ.
1558 2093 1650 2152 Anat.

322 2197 436 2258 Primos
458 2211 606 2258 veteranus
634 2200 724 2274 tagl
746 2199 790 2258 M.
820 2204 924 2258 missas
952 2201 1056 2259 bonet.
1084 2203 1210 2258 mistica.
1239 2203 1309 2258 civis
1331 2199 1435 2257 Rarus
1463 2197 1519 2256 sibi
1537 2199 1653 2270 feritet

324 2301 354 2359 0.
370 2299 574 2377 Modestin(io)
589 2299 746 2376 Persprioo
767 2311 900 2360 seimonu
924 2301 975 2376 lep.
998 2303 1087 2360 elaad.
1103 2305 1189 2360 misso
1205 2302 1310 2359 honest.
1325 2303 1451 2358 mistico.
1468 2303 1519 2356 civ.
1531 2297 1650 2374 Agrippa.

321 2403 544 2478 cotttaberncl(i)
567 2404 635 2460 milti
659 2407 809 2474 constitit,
833 2403 943 2460 milites
966 2403 1036 2461 facti
1058 2419 1127 2461 esse
1142 2411 1270 2480 possunt
1284 2401 1391 2459 dilectu
1407 2399 1650 2459 Durocortorensi

323 2513 353 2561 et
376 2505 603 2582 Agrippinensi,
627 2503 771 2563 seditem
793 2513 864 2581 post
886 2505 1056 2563 missionem
1079 2505 1223 2580 originem
1247 2504 1399 2580 antiquam
1422 2501 1587 2560 mutavisse
1609 2519 1650 2557 ac·

323 2613 410 2681 cepto
433 2606 554 2682 praedio
576 2607 607 2664 in
630 2605 802 2664 civitatibus
825 2607 1007 2664 memoratis.
1040 2605 1206 2664 veteranos
1229 2606 1294 2663 eius
1312 2605 1431 2681 generis
1448 2620 1525 2679 quos
1539 2600 1651 2677 repperi

323 2708 381 2764 etsi
404 2706 552 2782 adscripsi
574 2725 686 2778 omnes,
708 2709 807 2784 patria
829 2726 930 2766 eorum
953 2707 1098 2778 maxime,
1121 2707 1172 2783 qui
1195 2725 1259 2764 eam
1283 2725 1342 2764 non
1364 2724 1430 2764 cum
1452 2705 1578 2775 nomiae,
1603 2701 1649 2760 sed

323 2816 393 2882 post
414 2807 616 2866 condicionem
639 2810 803 2884 enuntiant,
828 2827 886 2867 non
909 2817 971 2867 tuto
993 2809 1032 2867 ad
1053 2807 1195 2866 dilectum
1218 2808 1372 2866 referetur.

365 2908 541 2968 Lateroulus
563 2910 613 2984 qui
636 2913 768 2986 sequitur
790 2912 949 2987 primarius
973 2909 1022 2985 (I)
1046 2910 1154 2969 milites
1177 2918 1329 2968 enumerat
1350 2907 1574 2986 quadripertito.

368 3012 395 3068 1.
428 3011 618 3071 Praetoriani
633 3011 833 3089 provinciales
849 3013 1005 3086 incipiunt,
1022 3013 1131 3087 quibus
1147 3011 1311 3089 interposui
1327 3027 1440 3086 paucos
1456 3009 1648 3086 provinciales

323 3119 458 3187 repertos
485 3113 563 3171 inter
589 3114 797 3172 urbanicianos
822 3126 852 3172 et
878 3114 994 3190 vigiles.
1044 3111 1189 3190 Separavi
1216 3115 1246 3172 iu
1273 3113 1335 3171 illis
1360 3112 1412 3188 qui
1439 3112 1561 3170 fuerunt
1585 3119 1648 3168 aute
1714 3151 1715 3160 ι

324 3211 466 3272 Severum
483 3214 540 3289 (A)
562 3222 591 3272 et
606 3215 789 3290 posteriores
812 3231 847 3273 eo
864 3215 931 3292 (B),
954 3216 985 3273 id
1006 3215 1087 3290 quod
1109 3225 1255 3290 quatenus
1271 3214 1434 3291 pendemus
1450 3233 1488 3271 ex
1502 3211 1648 3271 laterculis

321 3313 410 3372 facile
431 3317 597 3391 perficitur,
626 3335 692 3374 cum
718 3315 755 3374 dc
781 3335 882 3374 eorum
913 3325 1010 3375 aetate
1036 3317 1067 3373 in
1094 3317 1263 3376 universum
1290 3323 1416 3374 constet.
1465 3312 1647 3392 Sepulcrales

323 3416 401 3473 tituli
424 3417 519 3475 utrius
542 3417 653 3476 saeculi
676 3419 745 3490 siut,
768 3435 858 3494 saepe
874 3418 1044 3494 ambiguum
1060 3427 1115 3490 est,
1138 3437 1192 3477 nec
1208 3425 1307 3476 tamen
1323 3434 1440 3475 errores
1456 3415 1521 3474 eius
1536 3414 1647 3494 generis
1713 3471 1714 3500 r

322 3535 341 3573 a
362 3536 408 3576 me
430 3519 581 3576 commissi
604 3519 726 3577 multum
750 3521 908 3591 nocebunt,
930 3537 997 3577 oum
1020 3520 1101 3595 leges
1124 3519 1249 3578 dilectus
1267 3537 1306 3576 ex
1322 3518 1396 3578 solis
1412 3517 1563 3576 laterculis
1578 3515 1646 3574 satis

322 3618 467 3678 eluceant
497 3653 536 3664 —
565 3619 663 3678 Huius
687 3619 801 3680 ordinis
825 3621 933 3679 milites
957 3622 1157 3696 provinciales
1180 3619 1292 3679 Severo
1315 3620 1481 3678 anteriores
1503 3614 1646 3692 desumpsi

322 3737 361 3777 ex
384 3722 595 3779 commentario
618 3741 712 3799 nuper
738 3723 817 3780 edito
845 3721 953 3781 Oscari
977 3721 1064 3780 Boltn
1089 3721 1158 3780 tiber
1185 3723 1230 3780 dic
1252 3721 1366 3780 Heintct
1392 3723 1443 3779 der
1463 3719 1646 3778 Prdterioner
1712 3777 1713 3802 Ξ

322 3819 470 3895 (Berolini
497 3821 590 3897 1883)
619 3825 722 3899 paucis
746 3823 856 3882 additis
879 3825 1045 3882 mutatisve.
1089 3823 1126 3881 ln
1147 3823 1347 3898 praetorianis
1370 3819 1483 3882 Severo
1509 3819 1644 3898 posterio-

322 3923 405 3980 ribus
428 3934 546 3982 secutus
569 3941 644 3996 sum,
667 3933 700 3983 ut
721 3925 795 3998 dixi,
821 3926 1009 4002 potissimum
1031 3925 1193 3984 laterculos
1216 3925 1310 3984 aditos
1332 3923 1410 3982 alios
1432 3924 1464 3982 in
1487 3922 1523 3981 Ο.
1538 3917 1644 3979 votvl

321 4043 350 4080 u.
365 4020 444 4081 2385
468 4023 668 4100 (emendatius
683 4026 761 4101 Epir.
776 4027 820 4084 IV
843 4047 872 4103 p.
886 4025 944 4084 327
969 4046 997 4085 n.
1012 4027 1086 4098 8963
1109 4027 1179 4085 anui
1202 4035 1248 4084 est
1264 4025 1337 4101 209)
1358 4032 1389 4084 et
1403 4025 1554 4100 deinceps,
1575 4021 1643 4080 alios
1711 4005 1712 4066 l

323 4124 507 4197 compositos
531 4145 549 4183 a
569 4126 742 4186 Bormanno
764 4128 841 4204 Eph.
858 4126 903 4186 IV
925 4146 953 4203 p.
969 4127 1038 4186 324.

363 4223 391 4280 2.
435 4222 631 4303 Legionarios
654 4229 866 4305 provinciales,
894 4229 942 4304 qui
964 4229 1108 4304 originem
1132 4229 1313 4304 adscriptam
1336 4230 1462 4298 habent,
1492 4223 1642 4285 secundum
1710 4299 1711 4304 η

319 4325 454 4401 legiones
477 4331 632 4403 composui
654 4331 683 4387 in
706 4330 847 4390 laterculo
869 4330 962 4388 altero
985 4329 1061 4406 (II),
1084 4331 1244 4390 secundum
1266 4331 1397 4407 origines
1419 4331 1450 4387 iu
1473 4331 1529 4387 hoc
1549 4326 1643 4385 remis·
1710 4311 1711 4346 ³

320 4425 405 4483 sione
428 4426 507 4486 lacta
528 4431 565 4488 ad
588 4431 724 4490 alterum.

364 4529 392 4586 3.
436 4531 671 4590 Auxiliariorum
694 4533 786 4592 index
809 4534 965 4609 bipertitus
988 4543 1043 4594 est.

361 4628 400 4687 A.
435 4631 559 4691 Alarum
583 4645 613 4691 et
634 4635 797 4693 cohortium
821 4635 975 4706 vocabula,
997 4654 1074 4711 quae
1096 4637 1216 4712 quidem
1239 4655 1257 4694 a
1279 4635 1389 4695 dilectu
1410 4635 1552 4712 primario
1571 4626 1642 4688 deri-
1709 4643 1710 4648 ’

321 4739 391 4788 vata
413 4732 526 4808 sint1),
560 4736 602 4793 ita
624 4737 795 4812 composui,
829 4747 862 4794 ut
888 4756 943 4812 pro
970 4737 1163 4796 fundamento
1190 4756 1338 4796 sumerem
1364 4737 1493 4796 indicem
1519 4729 1642 4808 corporis

324 4875 527 4886 u——nss

380 4961 404 5024 ¹)
425 4963 550 5028 Intellego
570 4977 635 5027 quae
655 4964 784 5014 ethnicum
799 4965 933 5015 enuntiant
946 4979 993 5030 per
1005 4965 1192 5017 substantivum
1204 4967 1323 5031 genetivo
1336 4966 1443 5030 plurali3
1463 4962 1582 5016 adiectirc
1591 4956 1642 5006 ior·

322 5061 391 5104 mata
410 5056 516 5105 nomina
535 5061 623 5104 notum
644 5062 682 5104 est
704 5057 780 5106 aliam
805 5058 930 5121 originem
954 5058 1083 5122 aliamque
1108 5058 1307 5122 explicationem
1330 5057 1435 5107 babere.
1480 5057 1571 5106 Horam
1590 5062 1639 5096 ποῦ

320 5147 405 5209 recepi
425 5147 474 5196 nisi
495 5161 560 5212 quae
580 5161 625 5211 per
643 5149 821 5212 exceptionem
836 5148 990 5199 adieetivam
1005 5165 1052 5213 pro
1066 5150 1226 5200 substantivo
1240 5151 1411 5212 admiserunt,
1432 5163 1491 5200 nam
1504 5153 1558 5198 suut
1568 5153 1640 5206 qm·

323 5237 383 5284 dam
403 5238 522 5302 exempla
541 5239 601 5288 licet
620 5253 678 5288 rara
698 5240 752 5288 elus
772 5253 832 5290 usus
852 5242 892 5290 vel
910 5243 995 5304 potius
1013 5241 1116 5290 abusus.
