3348 5926
40 578 173 627 rus-ros
225 575 498 628 annrrlnnura
516 575 687 626 vortvnr.
727 574 915 627 usuurssa
943 573 1218 630 Aunroanoavn.
1278 551 1348 624 649

334 1104 607 1188 MANTISSA
635 1105 1038 1189 AFRICANORVM.

72 1360 222 1422 Africanus
244 1363 436 1439 reliqniamm
459 1366 616 1424 vetustatis
637 1365 705 1424 fons
727 1373 872 1443 perpetuo
896 1365 1076 1424 scaturriens
1099 1383 1277 1442 quamquam
1299 1383 1353 1442 per

36 1480 133 1535 paucos
147 1481 274 1536 menses,
289 1467 340 1541 qui
356 1467 586 1527 intercesserunt
600 1467 677 1525 inter
692 1468 935 1526 commentarium
951 1467 1217 1526 additamentorum
1232 1467 1353 1524 huiusce

35 1563 156 1622 fasciculi
179 1568 260 1643 typis
277 1569 447 1628 absolutum
470 1576 500 1626 et
514 1569 683 1628 absolutum
699 1570 797 1646 ipsum
817 1569 1001 1642 fasciculum,
1024 1569 1083 1627 alia
1098 1587 1215 1645 quoque
1231 1569 1353 1644 protulit

35 1683 102 1722 nora
122 1685 179 1726 non
202 1670 381 1745 spernenda,
406 1691 494 1730 uuum
518 1671 615 1730 solum
637 1673 824 1729 inventorum
847 1690 942 1746 nuper
956 1671 1094 1729 hocloco
1117 1679 1203 1728 extra
1218 1669 1352 1727 ordinem

33 1766 110 1824 inseri
131 1769 256 1844 placuit,
285 1791 351 1830 cum
379 1773 417 1830 ad
443 1773 648 1850 quaestionem
676 1789 769 1848 supra
797 1793 825 1850 p.
843 1771 903 1830 280
930 1781 1085 1832 tractatam
1113 1791 1191 1830 nova
1220 1771 1354 1830 subsidia

33 1869 135 1928 afferat.
167 1873 322 1932 Accedunt
344 1875 488 1950 quaedam
511 1893 588 1951 quae
611 1892 677 1933 sero
693 1875 821 1934 vidimus
843 1876 872 1932 in
895 1875 970 1950 ipsis
993 1874 1204 1933 additamentis
1220 1875 1267 1930 vel
1289 1891 1354 1930 cor-

32 1970 142 2046 rigenda
163 1991 232 2034 esse
254 1976 302 2034 vel
324 1976 361 2035 iis
384 1977 545 2036 adicienda.

329 2159 552 2223 svrnuvna
580 2161 692 2239 (secra
715 2181 805 2239 supra
828 2182 856 2239 p.
874 2160 943 2221 arr.
961 2162 1046 2239 sor).

32 2312 110 2373 1472
132 2317 167 2374 ad
189 2317 304 2394 pr.V
328 2319 463 2377 n.1321.
497 2320 654 2397 Repetitur
675 2320 714 2377 ad
736 2320 867 2378 eiusdem
890 2320 1019 2378 auctoris
1041 2320 1210 2395 exemplum
1234 2319 1351 2378 batilde

67 2435 134 2476 corr.
150 2421 235 2493 afric.
254 2439 280 2478 a.
299 2419 377 2479 1884
400 2439 428 2496 p.
446 2422 503 2479 311
529 2431 558 2479 et
580 2423 822 2498 comptas-reactus
838 2424 872 2478 de
887 2420 992 2480 l’acad.
1006 2421 1068 2479 XII
1091 2441 1117 2479 a.
1133 2420 1212 2480 1884
1234 2441 1262 2498 p.
1281 2421 1351 2493 256,

67 2520 111 2576 ubi
137 2521 215 2598 lapis
239 2522 346 2580 dicitur
369 2523 448 2581 altus
470 2541 538 2582 esse
560 2524 697 2595 m.1,07,
724 2524 802 2582 latus
825 2523 910 2596 0,50,
937 2523 992 2580 litt.
1014 2524 1085 2594 0,05
1112 2531 1140 2580 et
1167 2523 1352 2582 emendatius

66 2621 186 2681 eduntur
208 2624 295 2682 haec:
322 2625 335 2681 1
354 2642 435 2700 seqq.
460 2641 727 2685 meamurocvsao

513 2743 637 2786 cassam

463 2847 554 2888 rutro
578 2845 723 2890 caessara

68 2949 79 3004 1
98 2949 144 3006 fin.
168 2965 191 3007 0
215 2950 316 3006 littera
337 2949 451 3008 inserta
472 2959 519 3009 est
540 2951 740 3027 praecedenti,
762 2952 832 3010 item
856 2950 940 3010 8fin.
965 2966 985 3008 G
1007 2951 1107 3008 littera
1127 2950 1272 3008 elemento
1288 2966 1317 3008 v.

450 3245 565 3305 zalus
587 3245 724 3305 uaros
751 3247 932 3323 (ojames).

29 3377 109 3438 1418
132 3381 290 3458 [Djiamiaa
311 3383 341 3440 in
363 3383 440 3441 valle
462 3383 544 3441 fluvii
561 3383 675 3443 Siliana
696 3384 773 3442 inter
795 3393 869 3459 sept.
893 3392 923 3441 et
940 3383 1082 3440 orientem
1099 3400 1118 3439 a
1132 3388 1231 3439 monte
1247 3381 1354 3455 DJ'ebel

66 3482 243 3543 Massirdsch
267 3484 380 3560 [avico
402 3503 489 3562 quem
512 3487 542 3543 in
565 3485 668 3545 tabula
689 3485 758 3543 buia
774 3485 917 3544 fasciculo
934 3484 1050 3542 adiecta
1072 3485 1203 3560 reperies
1218 3481 1299 3542 Gasr
1313 3484 1353 3540 el-

65 3583 162 3644 Hadid
186 3587 279 3645 distat
302 3585 441 3661 Djiamda
463 3588 644 3645 occidentem
673 3605 779 3646 versus
809 3587 877 3644 chil.
906 3585 1035 3661 c.XV],
1066 3585 1113 3643 cui
1141 3585 1207 3642 loco
1233 3594 1355 3661 propter

65 3687 288 3746 similitudinem
311 3688 447 3747 vocabuli
469 3689 591 3748 Zamam
614 3691 767 3765 antiquam
791 3689 924 3745 attribuit
945 3688 975 3746 irr
998 3707 1108 3765 mappa
1129 3708 1156 3744 a.
1173 3687 1250 3745 1857
1275 3686 1354 3745 edita

65 3788 168 3848 Tricot
190 3791 227 3846 de
251 3787 356 3849 Sainte
377 3791 486 3862 Maria,
508 3800 538 3848 et
559 3792 607 3850 hio
628 3792 733 3850 titulus
756 3798 872 3866 prostat
893 3797 923 3848 et
945 3791 1058 3848 arcuati
1080 3790 1179 3866 operis
1201 3788 1353 3864 reliquiae,

64 3891 229 3964 columnae,
253 3892 411 3962 cisternae,
434 3892 495 3950 alia
516 3893 609 3951 multa
622 3894 777 3952 Romanae
797 3893 904 3950 aetatis
918 3893 1053 3968 vestigia.
1090 3891 1148 3949 Est
1161 3891 1271 3949 ibidem
1286 3890 1354 3948 fons

65 3992 232 4051 uberrimus
248 3995 325 4052 inter
339 4011 430 4071 rupes
448 3996 629 4054 scaturriens
653 3996 722 4072 (aaa
744 4014 841 4054 source
863 3995 1032 4066 abundante,
1056 3995 1286 4065 tris-ancorariis,
1309 4013 1355 4051 en·

64 4096 156 4152 toarde
179 4097 214 4154 de
239 4115 333 4167 murs,
360 4097 429 4154 dont
450 4098 480 4155 la
499 4101 596 4173 partia
617 4099 770 4173 iasdrieore
792 4119 811 4157 α
837 4098 880 4156 aad
902 4099 1064 4156 rocemmeat
1087 4097 1206 4172 reporta
1229 4115 1288 4172 par
1314 4097 1355 4154 lea

63 4198 234 4274 iadipdnea).

507 4403 592 4444 colonia
612 4401 675 4444 Ave
694 4401 703 4429 ·'
722 4403 786 4444 ΖΛΜ
806 4417 813 4431 ·
831 4405 876 4445 llla

507 4503 561 4544 sor
586 4473 724 4545 devora
754 4504 876 4546 nvurss
995 4503 998 4510 ’

508 4603 772 4659 aaaleSTATlQVE
809 4605 876 4647 ctas

617 4708 637 4748 d
653 4709 674 4748 d.
697 4708 771 4758 Ρη).

24 4840 167 4903 Poirrssot
188 4845 348 4923 descripsit
363 4847 401 4903 ad
416 4855 565 4923 ectypum,
587 4846 669 4920 quod
685 4846 766 4904 misit
780 4845 917 4918 Letaille‚
939 4856 969 4905 et
984 4864 1097 4904 mecum
1114 4847 1357 4918 communicavit;

23 4945 112 5003 edidit
134 4946 242 5005 Heron
265 4947 301 5005 de
314 4947 474 5007 Villelosse
496 4967 580 5005 revue
603 4950 722 5022 critique
744 4949 763 5004 4
785 4949 862 5023 Aug.
884 4949 971 5007 1884.

67 5047 76 5102 1
94 5050 144 5106 lin.
171 5059 240 5124 post
255 5057 395 5124 punctum
412 5069 488 5126 quae
504 5049 636 5108 cernitur
649 5049 750 5107 littera
764 5048 859 5107 fracta
874 5059 924 5108 aut
938 5068 962 5107 ru
982 5051 1040 5108 fuit
1059 5060 1110 5108 aut
1124 5069 1152 5108 Α.
1170 5084 1209 5092 -
1233 5048 1358 5128 Supple-

21 5147 63 5202 vit
84 5149 288 5210 Poinssotius.
313 5185 350 5194 -
372 5151 506 5210 Fuerunt
527 5151 618 5226 igitur
640 5169 710 5208 vere
733 5151 842 5209 Zamae
865 5153 950 5224 duae,
977 5153 1097 5211 colonia
1118 5161 1243 5229 utraque
1264 5169 1360 5228 neque

19 5247 60 5305 ita
82 5251 210 5310 multum
235 5253 329 5312 altera
351 5254 389 5312 ab
411 5254 505 5313 altera
533 5252 662 5325 distans,
693 5272 711 5309 a
732 5252 912 5330 Naraggara
941 5261 1040 5314 autem
1066 5257 1171 5314 ambae
1200 5255 1288 5332 longe
1314 5275 1359 5312 re·

102 5369 142 5427 V.
1096 5376 1134 5432 42
