3392 5934
351 637 424 708 266
802 655 1074 707 ADDI'I‘AMEN'IA
1103 655 1275 707 voavrn.

349 831 522 910 peragravi,
551 833 648 890 minus
672 841 703 890 ut
724 849 803 889 nova
824 831 1038 907 investigarem
1061 831 1207 891 sollicitus
1235 849 1325 907 quam
1351 849 1426 906 quae
1451 829 1497 886 alii
1521 829 1633 886 ediderant

349 943 382 992 ut
408 935 507 994 denuo
534 936 736 994 examinarem
764 952 799 992 ac
822 933 982 1009 diligenter
1003 934 1177 992 conferrem.
1230 933 1361 992 Domum
1388 949 1517 991 reversus
1540 931 1635 988 intellexi

350 1038 454 1114 copias
475 1039 518 1096 ita
539 1045 661 1114 paratas
687 1056 748 1096 non
776 1035 914 1094 sufficere
942 1037 979 1093 ad
1007 1037 1220 1112 perficiendum
1248 1036 1481 1113 supplementum
1505 1034 1599 1110 plenum
1617 1047 1635 1090 et

349 1139 531 1211 absolutum,
555 1141 608 1198 sed
630 1157 720 1217 posse
744 1140 845 1197 statim
868 1140 1072 1198 commoditati
1096 1159 1199 1198 eorum
1222 1139 1273 1215 qui
1296 1138 1403 1196 studiis
1419 1137 1635 1214 epIgraphicisn-

350 1250 419 1300 cant
440 1242 483 1300 ita
505 1242 639 1314 consuli,
662 1250 695 1300 ut
717 1261 755 1300 ex
777 1241 890 1317 ingenti
913 1261 1037 1300 numero
1060 1241 1213 1300 titulorum
1236 1241 1287 1317 qui
1311 1249 1382 1317 post
1402 1257 1506 1315 corpus
1526 1239 1591 1296 foras
1605 1237 1633 1293 lu·

348 1353 409 1401 tum
432 1345 626 1402 innotuerunt
648 1353 699 1402 aut
721 1345 758 1401 ab
781 1344 850 1402 aliis
874 1353 925 1402 aut
947 1364 965 1400 a
987 1365 1034 1403 me
1056 1345 1122 1422 ipso
1142 1343 1295 1420 descripti,
1319 1343 1421 1402 selecti
1437 1342 1558 1418 potiores
1571 1341 1592 1396 in
1602 1340 1631 1394 la

349 1447 539 1522 ephemeride
561 1447 728 1505 ederentur.
766 1446 865 1506 Omisi
887 1447 978 1522 igitur
1000 1449 1030 1505 in
1053 1464 1196 1522 praesens
1218 1465 1278 1504 non
1302 1445 1399 1504 solum
1422 1453 1510 1502 totam
1527 1441 1627 1500 titulum

349 1549 561 1625 sepulcralium
585 1550 765 1626 farraginem
788 1549 924 1624 exceptis
945 1551 1049 1625 paucis
1071 1559 1192 1626 propter
1207 1548 1415 1624 indigenarum
1431 1547 1543 1606 nomina
1556 1543 1632 1602 velulis

347 1653 464 1709 ratione
486 1653 668 1728 insignibus,
695 1672 797 1710 verum
821 1652 910 1709 etiam
934 1651 970 1708 de
991 1652 1116 1727 reliquis
1142 1651 1193 1726 qui
1221 1663 1273 1708 aut
1301 1649 1425 1708 minoris
1451 1648 1576 1706 momenti
1597 1671 1634 1701 aa

347 1755 519 1812 viderentur
541 1763 593 1812 aut
615 1753 751 1812 lectionis
774 1754 869 1811 adhuc
891 1773 996 1830 parum
1025 1753 1186 1812 stabilitae.
1236 1752 1285 1808 Ad
1313 1752 1416 1810 titulos
1444 1759 1535 1808 autem
1558 1749 1600 1805 ian
1619 1747 1636 1800 ir

350 1853 484 1931 Corpore
506 1857 604 1914 editos
627 1875 704 1932 quae
726 1856 843 1930 repperi
869 1855 913 1914 vel
936 1856 1073 1915 addenda
1094 1856 1142 1915 vel
1169 1854 1370 1924 emendanda,
1397 1853 1446 1911 his
1473 1847 1638 1928 supplementis

347 1957 459 2016 inserui
482 1965 596 2017 tantum
619 1975 678 2016 non
702 1958 811 2014 omnia.
857 1956 1046 2034 Quicumque
1068 1957 1147 2018 tituli
1171 1957 1219 2016 hic
1240 1957 1383 2026 eduntur,
1412 1967 1464 2014 aut
1485 1955 1519 2012 ab
1538 1952 1637 2023 aliIspu·

346 2059 418 2117 blici
439 2060 514 2118 iuris
536 2061 608 2118 facti
631 2069 701 2117 sunt
723 2069 774 2116 aut
796 2079 814 2116 a
834 2077 881 2116 me
896 2079 935 2118 ex
949 2060 1099 2136 lapidibus
1115 2061 1246 2137 excepti3
1269 2059 1300 2116 in
1316 2058 1436 2117 scriniis
1452 2055 1638 2133 antiquariorum

346 2161 554 2221 Parisinorum
578 2171 609 2220 et
624 2161 832 2220 Africanorum
854 2162 905 2237 qui
927 2171 1093 2235 remanent,
1116 2163 1153 2222 ab
1176 2162 1250 2239 ipsis
1272 2161 1456 2238 quandoque
1473 2159 1539 2218 editi
1558 2166 1636 2216 nostrat

348 2263 485 2342 syllegae
507 2264 658 2322 accedent.

389 2365 502 2424 Earum
524 2367 665 2444 partium,
687 2366 764 2424 unde
787 2367 884 2425 adhuc
905 2368 1009 2426 titulos
1025 2369 1165 2444 antiquos
1179 2367 1280 2426 nullos
1295 2367 1358 2426 fere
1372 2367 1572 2433 habueramus,
1587 2377 1634 2432 nep

347 2486 415 2543 pam
438 2469 507 2527 huic
529 2470 737 2545 supplemento
760 2469 869 2528 adiecit
891 2479 976 2528 vetus
1003 2470 1170 2530 studiorum
1199 2477 1370 2530 nostrorum
1400 2469 1515 2527 adiutor
1535 2463 1629 2522 Herio-³

346 2570 482 2648 Kiepert.
528 2569 597 2644 Qua
617 2573 649 2630 in
671 2593 703 2630 re
726 2591 833 2649 magno
856 2572 991 2631 subsidio
1013 2573 1041 2630 ei
1063 2573 1120 2632 fuit
1141 2592 1264 2650 mappa,
1290 2591 1379 2648 quam
1403 2571 1521 2648 egregio
1542 2561 1633 2638 ereupb
1664 2637 1665 2642 η

347 2673 384 2730 de
406 2673 579 2749 regionibus
602 2693 620 2733 a
642 2692 675 2734 se
697 2675 864 2752 exploratis
886 2675 1051 2736 confectam
1074 2676 1112 2736 ad
1135 2675 1264 2736 Tissotii
1287 2674 1464 2734 relationem
1485 2673 1591 2731 alteram
1607 2663 1636 2721 ul·
1664 2695 1665 2734 l

347 2775 445 2834 iunxit
465 2775 602 2836 Iulianus
625 2776 780 2836 Poinssot.

388 2877 424 2934 In
445 2878 501 2934 hoc
520 2879 728 2956 supplemento
744 2880 898 2940 condendo
914 2899 980 2940 cum
996 2857 1195 2956 complurium¹
1210 2889 1348 2939 notorum
1363 2880 1579 2956 ignotorumque
1590 2875 1638 2930 bont

347 2979 449 3038 officia
470 2991 614 3056 expertus
637 2983 709 3054 sim,
736 2983 787 3058 qui
810 3001 911 3042 eorum
933 2983 963 3040 in
987 2983 1093 3042 Africa
1114 2983 1355 3061 peregrinantem
1382 2982 1493 3040 studiis
1517 2977 1638 3048 officiisque

347 3083 534 3152 adiuverunt,
557 3083 601 3141 eis
624 3085 738 3161 gratias
760 3085 881 3160 publice
903 3087 950 3160 egi
972 3084 1002 3142 in
1026 3085 1110 3144 brevi
1133 3086 1170 3144 de
1184 3087 1289 3144 itinere
1303 3104 1339 3144 eo
1354 3083 1569 3150 commentario,
1584 3091 1637 3153 qllffl

347 3185 460 3244 inserui
483 3185 558 3242 actis
585 3187 755 3245 academiae
778 3187 982 3246 Berolinensis
1008 3187 1174 3246 minoribus
1202 3187 1327 3246 a.1883
1354 3207 1384 3264 p.
1402 3185 1571 3246 sot-616.
1606 3178 1636 3236 Bt

347 3305 454 3346 versus
476 3297 538 3346 tres
561 3288 750 3364 potissimum
774 3293 855 3347 viros
878 3297 1029 3366 tamquam
1052 3291 1152 3350 socios
1174 3291 1274 3362 habui,
1297 3290 1447 3348 Renatum
1469 3287 1575 3364 Cagnat
1589 3281 1636 3338 Du·
1663 3311 1664 3350 3

347 3407 478 3462 censam,
508 3389 659 3448 Iulianum
682 3391 826 3450 Poinssot
849 3392 1034 3464 Perusinum,
1062 3392 1269 3452 Alexandrum
1295 3392 1408 3470 Papier
1430 3392 1593 3450 Bonensem.
1625 3378 1664 3462 bg

347 3509 529 3568 quamquam
555 3492 614 3567 ipsi
642 3494 673 3550 in
700 3493 793 3552 titulis
815 3493 968 3553 Africanis
995 3503 1025 3553 et
1049 3495 1267 3572 investigandis
1294 3502 1324 3552 et
1350 3494 1476 3554 edendis
1501 3505 1606 3570 gnavum
1624 3489 1664 3572 ‘ll

345 3595 528 3653 fructuosam
553 3613 673 3669 operam
696 3604 818 3668 ponunt,
841 3596 1035 3654 nihilominus
1057 3615 1158 3654 eorum
1174 3615 1251 3672 quos
1265 3596 1450 3673 reperissent
1464 3605 1522 3654 tam
1542 3585 1642 3662 ertetnpla
1663 3573 1664 3654 l

347 3714 436 3772 quam
459 3705 566 3772 ectypa
587 3715 703 3754 mecum
726 3699 945 3758 communicare
968 3719 1028 3758 non
1050 3699 1276 3772 dubitaverunt,
1300 3705 1457 3774 praeterea
1478 3697 1544 3757 milri
1563 3689 1642 3769 passim

348 3798 385 3854 de
412 3799 502 3856 variis
527 3799 616 3856 rebus
644 3799 809 3858 sciscitanti
837 3801 942 3859 sedulo
972 3819 1089 3876 semper
1117 3801 1312 3876 officioseque
1339 3803 1554 3879 responderunt
1576 3804 1598 3851 et
1617 3791 1643 3846 ila

348 3899 519 3970 effecerunt,
542 3911 575 3957 ut
597 3901 683 3958 multi
705 3902 782 3960 tituli
805 3903 991 3962 emendatius
1014 3923 1093 3962 nuno
1114 3903 1251 3981 legantur
1272 3923 1361 3979 quam
1377 3915 1477 3977 antea,
1498 3903 1558 3977 ipse
1575 3903 1642 3954 auten

347 4019 405 4060 non
428 4019 539 4078 paucos
562 4022 679 4063 errores
702 4005 849 4062 evitarim.
888 4003 1086 4078 Quamobrem
1110 4027 1148 4064 ex
1171 4007 1266 4083 copiis
1288 4007 1400 4064 nostris
1425 4008 1452 4064 si
1472 4005 1519 4082 qui
1537 3995 1642 4078 proficiet

348 4104 423 4162 scito
445 4125 511 4164 eam
533 4106 651 4165 laudem
674 4126 732 4165 non
756 4115 815 4166 tarn
839 4108 910 4165 mihi
934 4108 1034 4166 deberi
1057 4127 1147 4184 quam
1170 4109 1197 4166 ei
1220 4109 1344 4180 numini,
1366 4128 1386 4165 a
1407 4127 1468 4184 quo
1490 4103 1578 4164 omnia
1595 4113 1663 4174 psl:

348 4205 427 4277 dent,
450 4205 638 4266 Concordiae
659 4209 765 4268 bonae.

389 4309 529 4385 Denique
552 4319 689 4388 superest
711 4319 743 4369 ut
762 4311 868 4370 addam
884 4313 1027 4371 librorum
1044 4323 1074 4371 et
1088 4314 1319 4390 ephemeridum,
1341 4329 1445 4370 eorum
1462 4311 1574 4378 scilicet,
1593 4315 1642 4378 qud

347 4421 420 4486 post
441 4411 551 4471 editum
575 4410 692 4489 Corpus
716 4415 835 4489 publice
856 4416 1040 4491 prodierunt,
1064 4435 1082 4473 a
1104 4435 1151 4476 me
1173 4416 1374 4474 adhibitorum
1396 4431 1555 4474 recensum.

349 4511 521 4572 Aeantium
548 4513 738 4574 D'Hrrrons.
797 4515 828 4592 1)
855 4517 971 4576 bullatis
999 4520 1033 4575 de
1055 4518 1226 4577 l’ucoddmia
1253 4517 1421 4594 d’Hippuna
1442 4515 1532 4576 XVII
1551 4499 1642 4570 alfii

431 4617 544 4675 XVIII
564 4637 590 4676 a.
612 4617 700 4678 1883.
737 4617 813 4676 XIX
835 4639 861 4678 a.
878 4620 957 4679 1884
980 4641 1008 4697 p.
1028 4621 1142 4680 1-46.
1188 4612 1641 4696 aucupto-readunatione*

431 4721 466 4778 de
488 4719 595 4778 l'aeud.
620 4721 790 4797 d’IIippone
812 4742 839 4781 a.
859 4720 936 4781 1882
959 4723 1032 4780 fasc.
1050 4723 1162 4796 7-10,
1188 4721 1266 4782 1883
1290 4723 1361 4781 fasc.
1382 4723 1472 4781 1-9.

347 4821 721 4881 R.ns1.nnnnncnbnn
755 4825 784 4900 l)
810 4843 918 4900 voyage
945 4825 1059 4884 d’e'tude
1084 4827 1158 4884 daus
1185 4843 1239 4884 unc
1260 4829 1357 4901 purtfa
1384 4827 1419 4884 de
1446 4824 1476 4881 la
1500 4811 1641 4879 Maurum

436 4927 616 4996 (ferariense,
645 4927 676 4984 in
699 4927 828 4985 archiaco
850 4929 900 4985 des
921 4931 1054 4986 missione
1076 4930 1261 5004 scimttflques
1284 4939 1309 4986 et
1331 4927 1482 4987 linfruires
1503 4917 1593 4982 volX
1612 4907 1641 4964 rel

431 5029 592 5103 separatim
608 5028 717 5086 editum
730 5028 829 5088 Paris.
849 5029 936 5087 1883.
961 5029 993 5106 2)
1005 5031 1039 5088 da
1050 5048 1116 5106 rapa
1126 5031 1200 5089 Iuba
1212 5035 1287 5106 repis
1300 5031 1389 5088 Iubae
1397 5029 1462 5104 filio
1475 5025 1562 5084 Paris.
1578 5013 1640 5077 1883·

350 5129 512 5188 Banasam
533 5147 594 5190 nns
619 5147 830 5196 surrentinus
854 5134 888 5190 de
910 5132 1022 5190 Franco
1044 5129 1395 5192 a.1880.1881.1882.
1416 5128 1502 5188 1883.

347 5229 511 5290 Butrsrrn
533 5249 575 5290 nn
599 5249 891 5292 (tonnasronnnsca
913 5251 1084 5295 asrucnnta
1108 5235 1180 5294 fasc.
1199 5236 1281 5294 l-ti
1305 5255 1331 5293 a.
1351 5231 1444 5304 18823
1471 5245 1557 5289 norae
1580 5211 1641 5278 seriei

430 5353 459 5392 a.
478 5334 557 5393 1884
579 5336 649 5396 fasc.
671 5337 763 5395 1-3.
