3544 5932
332 549 379 620 26
766 567 1041 620 auurrannnna
1069 567 1149 620 von.
1171 567 1213 619 111
1579 571 1661 622 ae-ar

330 746 428 820 coplae
449 742 587 801 militares
605 741 759 803 Corbuloni
778 744 944 818 permissae,
969 751 1002 800 ut
1021 741 1111 800 simul
1126 742 1294 802 tetrarchae
1310 761 1344 801 ac
1359 760 1444 820 reges
1459 743 1661 821 praefectique

329 851 359 904 et
387 851 594 922 procuratores
627 844 821 903 finitimarum
853 843 1074 922 provinciarum
1107 843 1171 902 eius
1203 843 1293 903 iussis
1325 845 1450 920 obsequi
1481 845 1661 908 iuberentur.

329 944 457 1022 Leputua
480 944 603 1022 Augusti
625 964 681 1022 pro
705 955 839 1020 praetore
870 945 975 1004 horum
1002 945 1155 1004 titulorum
1183 946 1226 1004 ita
1252 945 1368 1005 videtur
1394 945 1600 1023 accipiendus,
1630 957 1662 1006 ut

329 1057 359 1105 et
386 1047 654 1106 extraordinarium
681 1045 761 1104 iilud·
782 1047 937 1124 imperium
964 1047 1086 1106 haberet
1119 1055 1149 1105 et
1181 1047 1270 1106 sclito
1303 1055 1420 1124 regeret
1447 1045 1598 1108 Galatiam
1633 1058 1661 1109 et

330 1147 561 1227 Cappadociam.
584 1182 624 1191 -
649 1149 763 1207 Ibidem
785 1148 911 1208 Tacitus
933 1149 1026 1208 refert
1046 1149 1123 1208 inter
1144 1148 1220 1208 alias
1243 1149 1378 1228 legiones
1401 1168 1467 1208 eum
1489 1150 1609 1209 tertiam
1630 1152 1660 1210 in

329 1251 500 1310 Armeniam
520 1251 676 1324 accivisse,
698 1269 776 1327 quae
797 1251 853 1309 hos
876 1251 981 1328 cippos
1004 1251 1114 1329 posuit.
1140 1284 1177 1295 —
1200 1250 1237 1309 T.
1255 1251 1397 1309 Aurelius
1413 1250 1529 1311 Fuluus
1544 1251 1659 1329 legatus

328 1353 456 1428 legionis
479 1352 543 1412 eius
566 1353 735 1412 nominatus
758 1351 857 1428 paullo
880 1365 950 1428 post
964 1353 1043 1430 apud
1060 1352 1198 1411 Tacitum
1219 1352 1302 1429 (hist.
1319 1355 1344 1425 1,
1361 1351 1413 1427 80)
1437 1371 1512 1412 avus
1524 1363 1574 1412 est
1589 1354 1659 1434 imp.

328 1453 377 1512 Pii
403 1454 445 1529 (v.
469 1453 571 1513 Herm.
587 1455 607 1513 l.
624 1473 647 1513 c.
671 1473 700 1531 p.
719 1452 802 1530 296).
852 1454 975 1514 Praeter
1002 1453 1245 1514 consuetudinem
1273 1462 1304 1514 et
1328 1473 1445 1526 errore,
1473 1462 1507 1513 ut
1534 1454 1659 1529 uidetur,

328 1554 443 1614 Neroni
465 1556 653 1631 imperatoris
676 1557 853 1616 vocabulum
875 1557 921 1614 bia
944 1557 1031 1615 datur
1052 1557 1108 1628 ita,
1137 1565 1169 1614 ut
1190 1557 1289 1633 priore
1314 1555 1381 1616 loco
1407 1575 1467 1614 uon
1493 1575 1548 1636 pro
1573 1577 1658 1634 prae·

328 1658 448 1716 nomine
469 1657 664 1731 adscribatur,
687 1659 739 1718 sed
760 1659 921 1718 collocetur
943 1667 1011 1735 post
1032 1657 1217 1738 cognomina.

654 2017 825 2080 SATALA
847 2019 1000 2098 (Sodupu)
1023 2020 1183 2078 Armeniae
1205 2019 1337 2079 minoris.

327 2169 374 2230 36
396 2172 426 2230 in
449 2172 557 2232 litteris
581 2183 731 2234 remanent
753 2176 879 2256 vestigia
900 2177 993 2236 minii.
1032 2175 1152 2254 Sadaga
1175 2170 1251 2254 (Mi
1265 2174 1325 2234 mil.
1342 2192 1443 2252 geogr.
1460 2175 1491 2234 in
1512 2175 1657 2236 orientem

368 2293 387 2331 a
412 2271 826 2350 Schebchane-Karahissar,
853 2279 950 2338 lmil.
972 2296 1072 2356 geogr.
1095 2279 1172 2336 inter
1196 2296 1239 2336 or.
1263 2283 1293 2335 et
1313 2285 1388 2352 sept.
1415 2295 1434 2334 a
1454 2277 1661 2338 Meliksuherii

369 2400 405 2425 =
423 2376 581 2436 Arauraca
595 2376 823 2456 Hrascuusnn)‚
846 2381 896 2440 ubi
911 2380 1049 2440 videntur
1064 2381 1157 2439 fuisse
1172 2378 1276 2440 Satala
1292 2379 1451 2438 Armeniae
1466 2399 1533 2439 cum
1548 2383 1656 2440 castris

367 2475 425 2554 leg.
440 2476 500 2535 XV
523 2477 717 2554 Apollinaris.

860 2635 878 2676 C

850 2737 903 2778 lVN

886 2839 946 2880 ΝΑΕ
968 2839 988 2879 D

850 2939 990 2982 ATTICA
1013 2941 1074 2983 uls
1093 2941 1138 2981 DA

763 3043 774 3082 5
870 3040 911 3081 TA
934 3041 995 3084 SVM
1017 3041 1117 3084 TVRBA

874 3141 1078 3185 commata

931 3243 1088 3287 muoavm

854 3347 941 3390 ROMA
971 3347 1036 3389 ΜΙΗΙ
1068 3345 1132 3390 TEL'

874 3447 930 3490 LVS
951 3449 1053 3492 GENVS
1074 3451 1105 3492 ΙΝ

750 3555 775 3592 lu
874 3551 913 3591 DE
936 3550 988 3592 SET
1011 3551 1098 3594 HOSPl

875 3652 913 3693 TA
937 3651 1027 3694 SEDES

323 3789 493 3850 Guilelmus
509 3793 630 3852 Everett
652 3809 803 3871 proxenus
819 3792 937 3870 Anglus
959 3791 989 3850 in
1005 3791 1205 3852 Kurdistania
1219 3793 1301 3853 misit
1314 3793 1453 3854 Gustavc
1467 3795 1653 3872 Hirschfeld,

321 3892 541 3953 Hirschfeldius
563 3894 645 3953 mihi.

362 3997 381 4052 4
404 3995 440 4053 de
462 4011 481 4052 τ
504 3997 603 4073 priore
624 3997 780 4057 dubitabat
801 3996 983 4055 Evereuius.
1012 4027 1052 4037 --
1082 3995 1188 4054 Potest
1209 3997 1304 4058 fuisse
1327 3998 1364 4056 ad
1388 4000 1443 4058 hoc
1464 4002 1651 4076 exemplum:

321 4137 424 4154 .....
441 4095 579 4173 [Atticae]
606 4097 676 4157 C..
694 4143 700 4156 .
719 4142 725 4157 .
743 4141 750 4156 .
767 4141 774 4155 .
791 4096 946 4172 Juu[iuuua
961 4095 1101 4171 semi]uoe
1118 4099 1256 4174 olitpuoe]⁸
1294 4099 1435 4177 Sequitur
1450 4103 1651 4180 epigramma:

565 4217 663 4276 Attiou
684 4221 729 4276 dis
752 4221 822 4276 doto
843 4235 905 4276 auru
927 4217 1011 4274 turbu
1033 4221 1164 4278 comitutu
1186 4235 1327 4278 meorum:

565 4319 657 4378 Romu
678 4320 748 4377 milit
769 4319 868 4379 tellus:
886 4337 975 4394 penus
997 4319 1078 4376 inde:
1101 4331 1143 4379 aet
1164 4321 1277 4396 loupito
1298 4323 1387 4382 aedua

318 4437 435 4517 Nempe
458 4440 578 4517 hospita
601 4447 679 4498 terra
700 4441 844 4499 Armenia
866 4439 1019 4498 Romanae
1041 4439 1159 4500 mulieri
1182 4443 1282 4502 sedem
1305 4457 1455 4504 aeternam
1478 4445 1567 4503 dedit.

322 4657 575 4667 ιμ’-...-

798 4861 1017 4926 nnnruzvs
1040 4864 1081 4942 (p.
1099 4864 1163 4940 ac).

317 5026 363 5085 ³⁷
387 5025 423 5084 ad
446 5045 473 5084 n.
491 5025 560 5084 236.
605 5027 709 5086 Edidit
729 5030 799 5088 item
821 5029 954 5090 Pericles
977 5031 1252 5109 Triautaphyllides
1280 5029 1297 5103 ἦ
1323 5031 1351 5090 ἐν
1379 5027 1475 5110 Πόντῳ
1496 5033 1645 5108 Ἑλληνικὴ

359 5119 437 5203 φυλὴ
460 5116 519 5198 ἦτοι
542 5121 578 5184 rol
593 5123 714 5186 Ποντικὰ
736 5131 879 5206 (Athenis
898 5131 991 5208 1866)
1014 5151 1042 5208 p.
1061 5135 1109 5204 53,
1132 5134 1181 5210 qui
1197 5134 1271 5212 legit
1286 5137 1302 5194 3
1315 5139 1407 5196 cariat
1429 5169 1471 5180 -
1493 5137 1521 5196 3.
1534 5138 1553 5196 4
1568 5155 1646 5198 nuo-

358 5245 466 5291 Gavno
489 5247 560 5290 raas
576 5262 582 5276 ·
598 5247 658 5290 auc
675 5276 681 5292 .
698 5275 728 5290 ..
753 5233 886 5292 versibus
908 5235 994 5293 aliter
1015 5234 1130 5292 divisis.
1219 5271 1223 5279 ι
