3348 5926
265 578 337 650 644
395 641 400 652 ,
841 595 1026 648 nouussu

262 790 337 831 aevo
359 771 484 848 pecunia
506 769 625 848 publica
647 789 684 827 ex
706 779 849 848 argentea
871 789 960 828 aerea
982 770 1064 828 facta
1084 781 1131 828 est
1151 789 1206 828 nec
1229 770 1367 830 denarius
1389 771 1449 830 iam
1473 774 1541 848 quid
1565 787 1591 833 et

262 874 335 933 adeo
358 892 396 931 au
419 873 532 932 valeret
554 873 712 948 quisquam
734 873 863 949 amplius
887 881 984 946 norat,
1008 873 1072 932 eius
1093 873 1164 932 mali
1179 873 1238 932 duo
1253 873 1383 933 remedia
1397 875 1511 932 invenit
1524 875 1590 934 Dio-

261 976 407 1034 cletianus
429 976 572 1052 pecuniae
593 995 626 1034 re
648 974 777 1033 abolitae
800 977 988 1034 substituens
1006 977 1095 1033 modo
1110 976 1229 1052 pondus
1245 977 1311 1034 auri
1327 978 1489 1052 argentive,
1512 979 1588 1036 modo

261 1078 393 1137 modium
426 1075 615 1152 frumenti1).
671 1074 794 1136 Scilicet
827 1077 863 1135 ab
898 1095 934 1133 eo
967 1077 1038 1134 inde
1066 1087 1198 1153 tempore
1231 1079 1261 1136 in
1294 1079 1424 1154 publicis
1456 1079 1587 1140 reditibus

263 1189 293 1238 et
326 1179 534 1256 largitionibus
560 1195 684 1254 regnare
717 1179 863 1254 incipiunt
894 1179 989 1237 librae
1022 1180 1087 1237 auri
1117 1179 1166 1238 uel
1198 1182 1329 1258 argenti,
1362 1199 1438 1257 quae
1469 1201 1503 1240 re
1532 1184 1586 1259 ipsa

261 1281 355 1341 multo
380 1281 471 1339 latius
499 1289 602 1357 patent
634 1299 722 1356 quam
757 1280 905 1339 vocabula
937 1281 1131 1356 perveniunt3
1169 1300 1238 1340 nam
1272 1282 1387 1340 solidus
1421 1301 1538 1360 qnoque
1566 1303 1589 1343 n

262 1393 422 1462 argenteus
444 1400 533 1440 verus
556 1383 621 1440 eius
645 1383 757 1442 saeculi
780 1402 839 1441 non
863 1401 920 1441 sua
945 1383 1044 1440 forma
1070 1383 1183 1454 valent,
1211 1385 1264 1442 sed
1291 1385 1330 1442 ad
1354 1384 1462 1443 libram
1491 1403 1588 1462 appen-

262 1487 371 1544 duntur
392 1494 422 1543 et
444 1483 704 1560 expendunturl).
755 1485 790 1542 In
819 1484 977 1561 stipendiis
1000 1493 1098 1542 autern
1125 1495 1154 1542 et
1181 1487 1368 1544 mercedibus
1395 1487 1515 1563 publice
1539 1489 1589 1546 sol-

261 1588 366 1647 vendis
390 1587 483 1644 altero
505 1597 660 1661 praeterea
682 1587 813 1645 remedio
835 1591 1031 1664 imperatores
1055 1588 1100 1646 usi
1122 1595 1204 1657 sunt,
1234 1597 1267 1646 ut
1287 1587 1375 1646 militi
1397 1590 1497 1648 omnis
1522 1591 1591 1648 ordi·

261 1691 308 1748 nis
331 1689 475 1766 quidquid
498 1688 624 1748 debebat
645 1698 704 1747 tam
728 1690 875 1747 aerarium
899 1706 989 1763 quam
1012 1688 1130 1764 publico
1153 1689 1273 1748 nomine
1294 1691 1446 1766 privatus,
1475 1712 1534 1751 non
1560 1693 1592 1750 ad

261 1793 418 1851 denarium
440 1792 695 1862 determinaretur,
718 1791 771 1848 sed
794 1790 833 1848 ad
855 1808 1003 1848 annonam
1027 1799 1057 1848 et
1078 1793 1218 1866 capitum,
1241 1791 1273 1848 id
1295 1801 1343 1850 est
1364 1793 1403 1850 ad
1421 1793 1592 1853 frumentum

260 1905 290 1953 et
311 1895 421 1952 senum.
472 1893 508 1950 Id
531 1912 597 1950 cum
618 1893 717 1968 ipsum
739 1911 799 1950 non
822 1893 961 1968 ignorent
982 1892 1002 1948 ii
1025 1900 1104 1950 certe
1126 1895 1177 1969 qui
1203 1893 1292 1952 huius
1322 1895 1435 1952 saeculi
1465 1897 1593 1955 instituta

260 1998 375 2055 discere
398 1995 567 2053 maluerunt
589 2014 678 2071 quam
700 1995 864 2070 aspernari,
888 2002 948 2051 tam
971 1994 1032 2052 late
1055 2013 1117 2052 rem
1140 1995 1286 2070 patuisse,
1310 2004 1341 2053 ut
1356 2015 1394 2054 ex
1411 1999 1488 2073 ipsis
1504 2001 1592 2075 priua·

260 2108 357 2156 torum
380 2097 524 2174 sportulis
546 2097 673 2172 pecunia
690 2096 852 2168 tolleretur,
876 2113 948 2154 sane
965 2114 1075 2154 novum
1090 2106 1139 2156 est
1152 2107 1182 2154 et
1196 2097 1272 2156 scitu
1288 2098 1411 2158 omnino
1427 2099 1549 2178 dignam
1559 2102 1593 2175 ³).

260 2200 410 2276 Tempora
433 2217 549 2276 quoque
571 2201 649 2258 inter
670 2199 860 2271 documenta,
888 2217 965 2274 quae
987 2199 1168 2258 frumentum
1190 2201 1334 2277 pecuniae
1356 2201 1427 2260 loco
1450 2204 1593 2262 subditum

260 2321 327 2362 esse
350 2301 523 2372 ostendunt,
554 2301 667 2359 nullum
696 2302 775 2377 quod
803 2302 894 2360 seiam
922 2309 1058 2378 superest
1085 2302 1165 2376 quod
1190 2302 1248 2360 hoc
1274 2303 1405 2362 edictum
1432 2307 1593 2380 praecedat,

260 2405 453 2479 videmurque
475 2412 643 2461 accuratam
667 2404 826 2481 imaginem
851 2404 898 2462 bic
920 2410 1021 2462 tenere
1041 2405 1252 2462 observantiae
1266 2407 1461 2478 annonariae,
1484 2409 1593 2484 qualem

259 2507 467 2566 Diocletianus
490 2503 765 2580 Constantinusque
787 2506 987 2564 instituerunt.
1036 2503 1159 2566 Scilicet
1184 2506 1270 2582 eligit
1294 2507 1322 2565 ie
1349 2509 1397 2566 cui
1425 2509 1592 2568 solvendum

260 2619 319 2682 eat,
348 2617 447 2666 utrum
471 2608 567 2686 ipsum
591 2608 769 2666 frumentum
793 2607 851 2665 sibi
873 2607 936 2665 dari
959 2607 1032 2665 velit
1054 2626 1092 2665 au
1114 2608 1256 2666 frumenti
1281 2611 1428 2686 pretinm,
1458 2612 1492 2668 id
1517 2613 1594 2670 nimi-

260 2729 336 2778 rum,
359 2729 417 2786 quo
439 2711 620 2768 frumentum
643 2717 776 2786 tempore
798 2709 956 2767 solutionis
972 2709 1088 2767 Romae
1103 2709 1134 2767 in
1148 2709 1216 2767 soro
1229 2729 1329 2768 rerum
1347 2713 1499 2772 uenalium
1514 2717 1594 2773 aesti-

260 2813 396 2870 mabatur
406 2811 446 2888 ⁴).
495 2810 573 2870 Nam
596 2830 614 2868 a
635 2811 701 2869 foro
728 2829 763 2868 eo
789 2811 878 2888 pretii
905 2811 1180 2870 determinationem
1207 2813 1270 2884 vel,
1300 2823 1334 2870 ut
1361 2816 1486 2891 proprio
1512 2817 1595 2876 huius

261 2913 375 2972 saeculi
396 2913 541 2972 vocabulo
565 2922 641 2986 utar,
665 2912 885 2971 adamationem
908 2913 1087 2990 pependisse
1102 2914 1184 2990 leges
1199 2915 1371 2990 complures
1386 2919 1595 2995 ostenduam).

261 3015 491 3074 Valentinianus
514 3024 543 3074 et
557 3016 686 3086 Valens,
713 3015 787 3074 moti
809 3015 916 3090 opinor
938 3033 974 3074 eo
998 3016 1077 3092 quod
1098 3015 1141 3074 ita
1162 3016 1344 3091 stipendium
1367 3021 1498 3095 singulis
1523 3023 1596 3079 mili·

260 3118 339 3176 tibus
362 3116 597 3195 officialibusque
619 3117 794 3178 solvendum
818 3117 951 3194 quotidie
978 3118 1151 3176 mutabatur
1179 3127 1208 3177 et
1234 3137 1372 3178 annonae
1400 3123 1535 3182 urbanae
1561 3125 1595 3182 ri-

319 3336 342 3399 ¹)
362 3337 509 3388 Sciscitanti
529 3337 591 3386 mihi
611 3353 656 3402 per
676 3336 835 3387 Baeclthium
855 3344 983 3399 nostrum,
1010 3352 1097 3386 annon
1117 3338 1186 3401 apud
1206 3337 1391 3402 Francogallos
1411 3348 1517 3390 moneta
1542 3359 1595 3391 ren

259 3447 304 3495 per
331 3429 417 3479 turbas
442 3445 531 3478 eorum
556 3430 643 3478 civiles
668 3430 763 3493 pariter
787 3430 886 3478 sublata
911 3431 1008 3480 similes
1032 3430 1215 3494 dispositiones
1245 3431 1407 3494 aliquamdiu
1433 3434 1595 3496 obtinuerint

258 3523 296 3572 M.
311 3522 392 3571 Black
412 3522 488 3570 hodie
502 3521 610 3571 Parisiis
630 3521 724 3585 degens
744 3522 877 3584 respondit
897 3538 954 3571 uere
974 3539 1019 3587 per
1038 3522 1143 3586 aliquod
1165 3529 1263 3586 tempus
1283 3524 1379 3574 salaria
1392 3527 1426 3575 ad
1441 3527 1595 3576 [rumentum

259 3622 394 3664 numerata
413 3627 480 3674 esse,
501 3614 581 3662 citans
601 3617 668 3663 inter
687 3613 739 3664 alia
759 3615 948 3663 constitutionis
968 3616 1030 3664 anni
1044 3615 1086 3663 III
1105 3631 1127 3662 c.
1144 3615 1209 3663 173:
1234 3611 1272 3664 Le
1292 3616 1433 3666 traitement
1453 3617 1485 3668 de
1505 3617 1597 3668 marus

260 3700 338 3756 rl’eurc
362 3706 456 3770 (agitur
475 3706 507 3754 de
527 3705 701 3770 quinqueviris
721 3704 895 3771 reipublicae
915 3705 1144 3766 administrandae)
1170 3713 1208 3756 est
1219 3703 1285 3772 fiai,
1309 3723 1377 3774 pour
1397 3707 1494 3776 udaque
1514 3709 1594 3770 annea

259 3797 275 3848 ὰ
294 3799 321 3848 la
340 3798 429 3848 valen
448 3795 478 3846 de
499 3797 630 3862 cinquante
649 3797 716 3848 mille
733 3799 938 3864 myrinprammes
957 3797 987 3848 de
998 3798 1119 3862 nomene.

316 3887 341 3951 ²)
361 3889 432 3939 Rdm.
452 3887 609 3939 llluinzwesen
628 3906 653 3954 p.
670 3891 731 3940 835.

317 3979 342 4043 ³)
362 3979 412 4031 Die
426 3978 561 4043 Vortleila
580 3983 616 4031 ait
632 3982 922 4046 Bethmann-ttotlweg
938 3980 1106 4050 Cioilproeeas
1126 3984 1141 4032 3
1162 3999 1187 4047 p.
1200 3984 1262 4044 140,
1283 3982 1324 4032 dte
1343 3982 1385 4034 die
1400 3981 1537 4050 Officialen
1557 3985 1597 4036 der

258 4071 413 4140 Magistrate
428 4072 478 4136 fiir
501 4072 555 4124 ilire
575 4071 749 4140 Bemuiltunpen
772 4090 860 4141 rogen,
888 4073 1022 4124 tessander
1047 4072 1121 4124 ine-tn
1138 4075 1165 4123 in
1189 4073 1347 4140 ‹iffanllicler
1368 4073 1530 4144 Beseldunq,
1554 4079 1597 4128 das

259 4164 334 4230 lersssst
352 4166 378 4214 in
397 4181 427 4213 zu
449 4163 526 4216 Gelda
545 4165 760 4232 anqescblayenen
773 4164 928 4216 Naturalien
955 4167 1069 4228 (annona
1093 4165 1145 4216 ancl
1169 4166 1292 4232 capitas),
1322 4166 1398 4218 ilcila
1424 4170 1452 4219 r'n
1478 4169 1537 4220 celer
1560 4169 1595 4220 le·

258 4255 394 4308 deutentlen
414 4254 540 4324 Sportela.
579 4260 647 4309 Illud
668 4275 753 4309 verum
774 4267 826 4322 est;
852 4260 903 4308 iam
927 4265 1012 4309 autem
1032 4265 1140 4322 apparet
1164 4260 1293 4323 sportulas
1318 4273 1422 4324 quoque
1441 4263 1595 4328 aliquamdiu

258 4351 349 4400 eodem
368 4350 447 4400 modo
466 4352 609 4415 persolutae
629 4367 692 4402 csse.

317 4441 344 4506 ⁴)
364 4443 456 4507 Neque
473 4445 501 4492 in
520 4445 568 4494 hoc
589 4445 672 4493 edicto
691 4459 773 4510 neque
791 4444 817 4493 in
832 4444 913 4493 altero
923 4443 1083 4493 Diocletiani
1096 4443 1128 4492 de
1143 4443 1231 4507 pretiis
1245 4458 1331 4494 rerum
1347 4444 1378 4504 (e.
1392 4447 1417 4507 l,
1431 4445 1458 4506 1)
1473 4446 1594 4497 tramenta

260 4536 442 4586 determinatio
456 4536 574 4598 adicitur,
594 4537 640 4586 sed
654 4553 732 4586 uuum
747 4537 857 4601 pretium
871 4537 1016 4602 apponitur.
1044 4537 1135 4601 Itaque
1148 4535 1305 4600 intellegitur
1315 4536 1477 4588 frumentum
1491 4539 1593 4598 mediae,

258 4644 311 4678 uon
330 4629 442 4678 eximiae
461 4629 593 4678 bonitatis.

318 4719 341 4781 ³)
362 4720 392 4771 C.
406 4721 456 4770 Th.
477 4723 502 4782 7,
523 4721 552 4783 4,
576 4723 609 4769 10
628 4736 652 4771 a.
667 4719 734 4772 364:
760 4719 918 4771 Protectores
929 4719 990 4786 sori
1006 4736 1088 4770 reram
1106 4719 1232 4770 venetium
1250 4720 1322 4770 isara
1341 4723 1434 4772 vetar-tir
1453 4725 1532 4773 moria
1556 4721 1592 4773 ol-

258 4813 412 4863 servantiam
431 4813 457 4862 in
477 4829 632 4863 annonarum
655 4829 756 4863 suanam
779 4811 906 4864 conrmoda
925 4815 1012 4880 pretia
1035 4820 1217 4880 consequantur
1239 4813 1293 4875 (ubi
1317 4813 1395 4879 iunge
1411 4814 1474 4879 sori
1489 4817 1592 4882 pratea).

257 4907 288 4956 L.
303 4906 337 4955 32
358 4905 417 4954 eod.
436 4919 460 4954 a.
474 4905 541 4954 412:
563 4919 610 4971 par
629 4905 824 4956 cornicularium
843 4907 1014 4972 cuiuscumque
1029 4905 1201 4973 provincialia
1219 4903 1300 4972 officii
1317 4903 1383 4956 banc
1402 4906 1591 4958 sollicitudinem

258 4997 359 5064 impleri
377 4997 520 5058 concentor,
545 4998 582 5046 ita
600 5004 628 5047 nt
717 5013 803 5048 aarum
823 5013 853 5047 ea
872 4997 945 5048 titulo
970 4998 1100 5065 manifesto
1125 4997 1203 5048 eidem
1226 4997 1367 5064 delegatum
1463 5001 1590 5066 adcipiat,

259 5090 333 5139 etiam
347 5090 457 5156 pretinm
476 5088 516 5140 lis
535 5091 579 5156 qui
597 5088 722 5141 adaerere
740 5090 865 5140 voluerint
884 5088 1037 5156 depensurns
1054 5091 1127 5140 iuncta
1145 5088 1362 5152 nundinationem,
1389 5107 1453 5157 puae
1471 5099 1517 5140 aet
1532 5091 1589 5156 ,faro

1490 5184 1497 5196 1
1529 5183 1553 5196 ΙΙ

259 5197 342 5230 rerum
360 5181 485 5232 venalium
503 5183 642 5233 continetur
662 5189 706 5233 aut
724 5183 892 5250 amplissimae
910 5183 1086 5250 praefecturae
1110 5189 1147 5234 est
1170 5183 1272 5234 culmini
1296 5182 1425 5252 deputato.
1468 5184 1590 5236 Summam

259 5272 355 5322 ibidem
375 5275 391 5321 l.
408 5274 450 5323 28.
466 5275 500 5324 36
520 5281 546 5325 ct
566 5277 591 5338 8,
605 5275 631 5336 4,
647 5276 689 5326 ts.
