3444 5932
308 579 378 650 152
881 591 1066 676 noussen

304 771 361 829 bus
383 767 554 828 forensibus
577 777 607 826 et
627 767 776 840 civilibus,
798 764 939 824 nimirum
961 773 1108 842 quatenus
1123 783 1176 824 eae
1191 763 1350 823 militarem
1366 765 1415 823 vel
1429 764 1514 841 quasi
1530 764 1637 824 milita·

304 889 367 930 rem
390 888 509 948 operam
532 879 584 928 aut
604 869 759 945 requirunt
780 875 832 926 aut
854 875 934 926 certe
956 865 1127 939 admittunt,
1149 867 1236 925 utin
1252 884 1371 925 carcere
1392 865 1588 925 custodiendo
1610 877 1640 924 et

301 971 525 1050 quaestionibus
548 969 739 1042 exercendis,
767 969 799 1028 in
820 969 942 1046 negotio
964 969 1130 1041 mensorio,
1153 967 1183 1025 in
1206 968 1324 1027 alendis
1346 968 1536 1028 exercitibus.
1579 965 1639 1026 Ne
1716 971 1717 1022 ζ

303 1093 361 1150 que
384 1091 457 1133 casu
478 1072 633 1144 evenisse,
666 1071 746 1148 quod
774 1070 895 1148 singula
919 1069 955 1128 ad
984 1069 1102 1128 civilem
1132 1070 1420 1129 administrationem
1447 1071 1641 1147 potissimum

302 1177 422 1244 ducunt,
444 1173 514 1232 indo
536 1173 759 1250 comprobetur,
781 1171 862 1250 quod
884 1172 942 1230 boc
955 1179 1074 1249 sumpto
1095 1171 1295 1249 proprietates
1316 1171 1451 1248 corporis
1473 1171 1538 1232 eius
1560 1183 1641 1231 recte

303 1277 502 1355 explicantur.

241 1423 244 1428 .
347 1379 429 1436 Anni
451 1377 637 1436 evocationis
659 1394 840 1453 quemquam
867 1393 926 1434 nou
952 1393 1022 1435 raro
1044 1393 1111 1435 cnm
1134 1377 1222 1434 annis
1249 1383 1310 1434 tam
1332 1375 1458 1434 militiae
1478 1375 1643 1454 caligariae

304 1498 393 1557 quarn
415 1479 639 1538 centurionatus
666 1485 916 1537 connumerantur
944 1485 973 1536 et
1000 1477 1128 1538 diversis
1155 1476 1217 1537 illis
1242 1477 1358 1536 militiis
1385 1477 1508 1536 iunctus
1533 1476 1643 1537 dicitur
1717 1531 1718 1554 ,

305 1580 482 1640 militavisse
503 1599 598 1639 annos
619 1589 678 1650 tot,
704 1579 919 1654 stipendiorum
942 1578 1117 1638 vocabulum
1139 1579 1271 1656 legitime
1292 1577 1331 1637 ad
1352 1579 1559 1638 evocationem
1581 1599 1642 1638 non
1717 1569 1718 1620 l

304 1679 471 1762 pertinet¹)
498 1683 610 1759 quique
632 1698 726 1740 annos
761 1681 945 1739 evocationis
978 1687 1127 1753 numerat,
1156 1689 1208 1738 aut
1235 1681 1278 1739 ait
1303 1691 1459 1740 evocatum
1486 1699 1519 1740 se
1545 1681 1643 1740 fuisse

305 1801 400 1844 annos
421 1782 505 1859 tot²)
527 1791 579 1842 aut
604 1778 740 1843 numerat
765 1783 909 1858 stipendio
934 1781 1117 1858 evocatioai)
1139 1788 1191 1840 aut
1215 1781 1343 1858 denique
1367 1783 1529 1858 temnat).
1574 1783 1643 1842 Hoc

307 1905 375 1945 cum
397 1886 605 1957 observabam,
628 1885 726 1944 erravi
748 1885 817 1943 inde
838 1883 869 1942 id
890 1893 1039 1960 repetens,
1060 1884 1140 1960 quod
1161 1883 1264 1942 salarii
1283 1883 1406 1942 verbum
1428 1884 1581 1944 honestius
1605 1887 1644 1943 sit
1718 1925 1719 1972 ,

307 2007 396 2064 quarn
419 1987 616 2063 stipendium
646 2006 715 2046 nam
737 1987 903 2046 centurioni
924 2002 1056 2061 quoqne,
1079 1985 1130 2060 qui
1152 1991 1278 2043 evocato
1300 1985 1476 2044 honoratior
1497 1995 1557 2058 est,
1580 2007 1644 2046 nou
1718 1993 1719 2038 ἓ

309 2089 420 2148 salaria
442 2087 561 2160 dautur,
583 2088 637 2146 sed
659 2087 808 2164 stipendia
829 2087 946 2146 scilicet
959 2087 1170 2146 centurionica.
1204 2085 1299 2146 Immo
1313 2087 1477 2164 explicatio
1499 2088 1569 2146 iude
1592 2109 1644 2166 pe·

305 2189 395 2250 tenda
420 2197 479 2260 est,
505 2191 586 2265 quod
608 2189 711 2248 salarii
739 2189 914 2247 vocabulum
941 2188 997 2246 bac
1022 2195 1101 2247 certe
1127 2196 1225 2247 aetate
1252 2187 1338 2246 civile
1365 2197 1413 2246 est
1439 2199 1472 2247 ut
1501 2191 1644 2266 stipendii

307 2291 446 2363 militare,
469 2298 499 2349 et
520 2300 681 2368 usurpatur
696 2291 759 2349 lere
780 2289 818 2348 de
836 2289 1046 2349 adsessoribus
1068 2299 1099 2348 et
1119 2291 1341 2367 professoribus
1364 2300 1394 2348 et
1415 2291 1549 2350 medicis.
1581 2293 1643 2350 Ita-

308 2412 366 2470 que
389 2401 502 2452 certum
523 2393 554 2451 id
576 2393 717 2451 indicium
740 2401 785 2451 est
806 2399 949 2451 evocatos
971 2399 1002 2451 nt
1023 2391 1088 2450 inre
1110 2391 1228 2464 milites,
1250 2393 1293 2452 ita
1314 2412 1346 2450 re
1362 2401 1497 2451 versatos
1519 2411 1589 2454 esse
1611 2395 1641 2453 in

308 2497 410 2556 officio
432 2515 490 2554 non
514 2495 645 2553 militari.
1719 2573 1720 2578 ἵ

350 2597 440 2673 Quod
463 2598 499 2656 de
516 2595 675 2672 stipendiis
690 2595 813 2666 obtinet,
835 2595 965 2654 fortasse
980 2594 1018 2652 ad
1033 2595 1158 2672 caligam
1174 2613 1293 2672 quoqne
1309 2596 1454 2671 pervenit.
1477 2595 1558 2657 Sane
1572 2599 1644 2657 cali-
1719 2601 1720 2666 J

308 2700 370 2776 gati
389 2699 525 2776 gregales
541 2707 624 2769 sunt;
647 2705 679 2756 at
693 2697 794 2755 militia
808 2701 838 2753 ιἰι
852 2697 957 2773 reliqu,
981 2703 1124 2772 quantum
1138 2695 1210 2768 vidi,
1232 2714 1381 2772 nusquam
1396 2700 1561 2773 opponitur
1574 2718 1644 2759 ceu·

309 2801 482 2872 turionatui,
505 2799 559 2858 sed
581 2799 638 2858 soli
658 2797 825 2856 evocationi
835 2797 875 2875 ⁵),
897 2815 993 2874 neque
1007 2798 1106 2876 inepte
1122 2805 1269 2857 statuetur
1283 2799 1485 2858 centurionem
1500 2811 1531 2860 et
1545 2801 1642 2876 ipsum

309 2901 408 2978 caliga
429 2919 518 2960 usum
540 2919 618 2972 esse,
641 2909 798 2959 evocatum
820 2899 919 2960 calceo
935 2900 1083 2960 communi
1099 2909 1129 2958 et
1142 2899 1211 2960 inde
1227 2917 1292 2958 eam
1307 2901 1488 2960 locutionem
1503 2902 1641 2962 derivari.

351 3002 460 3079 Neque
481 3003 570 3061 aliam
592 3001 631 3060 ob
653 3017 775 3060 causam
797 3001 905 3076 opinor
927 3009 1062 3074 evocato,
1090 3019 1155 3060 cum
1178 3001 1257 3060 dona
1278 3002 1422 3062 militaria
1443 3003 1566 3082 occipit,
1594 3024 1642 3063 co·
1720 3013 1721 3090 j

309 3123 386 3163 rona
408 3105 474 3164 sola
495 3103 582 3162 datur
604 3102 646 3180 (p.
666 3102 753 3180 146),
783 3121 844 3162 non
869 3102 1020 3162 adduntur
1040 3121 1118 3179 quae
1140 3103 1179 3161 ob
1200 3121 1262 3162 rem
1286 3105 1425 3164 manibus
1444 3114 1561 3183 gestam
1584 3117 1642 3166 tam
1720 3093 1721 3134 ³

250 3274 255 3282 ,
309 3205 425 3284 gregali
448 3224 538 3282 quam
560 3205 726 3264 centurioni
749 3204 813 3262 dari
836 3204 935 3263 solent
956 3215 1080 3281 torques
1103 3205 1239 3264 armillae
1261 3205 1412 3281 phalerae.

351 3306 439 3365 Duce
461 3323 580 3383 quoque
601 3325 654 3365 cur
676 3305 790 3365 evocati
812 3306 977 3379 caruerint,
1003 3305 1035 3364 id
1057 3307 1137 3383 quod
1162 3306 1273 3366 iactum
1294 3325 1364 3367 esse
1390 3326 1484 3386 supra
1503 3310 1642 3382 vidimus,

309 3409 370 3468 iam
392 3407 586 3486 explanatum
607 3415 663 3467 est.

353 3508 492 3587 Denique
518 3528 585 3568 curn
613 3511 698 3588 origo
724 3518 914 3568 evocatorum
941 3527 980 3568 cx
1006 3509 1139 3569 exercitu
1166 3511 1281 3570 urbano
1309 3528 1402 3589 supra
1430 3514 1569 3590 exposita
1595 3515 1641 3584 sit,

312 3629 389 3670 nuno
410 3613 476 3671 eius
497 3612 541 3671 rei
569 3629 661 3669 causa
687 3609 770 3669 reddi
796 3619 903 3687 potest
952 3609 1033 3670 Nam
1059 3630 1125 3670 cnm
1153 3619 1251 3671 aetate
1276 3613 1470 3690 imperatoria
1494 3616 1643 3694 permulta

311 3713 432 3791 negotia
454 3731 522 3772 rere
543 3712 655 3772 indolis
678 3712 776 3771 civilis
798 3719 829 3770 et
849 3713 921 3771 olim
944 3733 962 3770 a
983 3712 1102 3790 cingulo
1124 3713 1222 3773 aliena
1243 3733 1297 3791 par
1318 3715 1429 3774 milites
1453 3715 1641 3776 administra·

310 3813 465 3891 renturt),
495 3833 544 3874 res
567 3815 610 3873 ita
631 3823 796 3892 temperata
820 3823 880 3886 est,
907 3823 940 3872 ut
965 3822 1137 3872 arcerentur
1162 3815 1200 3873 ab
1227 3815 1265 3873 iis
1293 3815 1403 3876 milites
1430 3819 1642 3894 provincialem

373 4039 396 4103 ¹)
417 4042 490 4094 Duos
509 4044 597 4094 titulos
616 4045 717 4109 repperi
736 4043 766 4094 O.
779 4043 832 4106 v1,
853 4045 923 4094 3411
945 4051 970 4094 et
987 4045 1023 4105 X,
1044 4044 1114 4094 3417
1143 4043 1224 4094 infimi
1245 4043 1344 4095 ordinis
1362 4053 1498 4113 utrumque
1517 4048 1643 4114 stipendia

315 4134 429 4198 gregalia
447 4141 473 4184 et
491 4136 624 4185 erooativa
643 4135 773 4185 communi
790 4136 977 4201 stipendiorum
996 4135 1122 4186 vocabulo
1139 4144 1363 4199 connumerantes,
1382 4153 1465 4190 annos
1487 4141 1643 4190 evocationis

317 4225 360 4288 qni
380 4225 508 4290 stipendia
526 4227 595 4277 nude
614 4227 727 4292 appellet
744 4227 851 4277 nullum.

373 4312 399 4381 ²)
420 4317 449 4367 C.
466 4319 512 4380 VI,
533 4321 613 4369 2440.
635 4319 715 4369 2448.
736 4318 816 4369 2530.
837 4319 916 4369 2725.
956 4316 1037 4369 Orsll.
1058 4318 1138 4369 3547.

371 4408 395 4472 ⁸)
416 4409 446 4461 C.
459 4410 512 4471 vl,
540 4411 625 4473 2578,
655 4411 699 4460 ubi
724 4416 888 4476 opponuntur
911 4408 1040 4478 stipendio
1057 4409 1191 4460 militaria.
1239 4409 1385 4462 Brambaob
1406 4415 1474 4463 717:
1498 4411 1641 4481 sttp(ccdv'u)

313 4497 420 4564 XLVI,
440 4499 584 4564 militaria)
604 4497 686 4564 XVI,
710 4503 843 4553 elratoria
860 4497 1053 4566 emendorum)
1073 4499 1148 4562 IIII,
1173 4503 1305 4553 mosetica
1322 4501 1381 4564 ΙΙΙ,
1407 4513 1540 4569 praeterea
1558 4511 1640 4556 centn-

312 4593 421 4644 rionioa
442 4621 475 4630 -
497 4593 633 4658 Stipendia
651 4595 885 4658 postmissionem,
906 4608 971 4659 quae
990 4594 1205 4656 contreniscunt,
1225 4609 1276 4644 non
1296 4603 1365 4646 recte
1378 4595 1537 4648 Schmidtius
1555 4613 1578 4661 p.
1589 4595 1641 4646 334

314 4684 399 4735 effecit
417 4699 449 4734 ex
470 4684 544 4733 titulo
564 4685 691 4735 Africano
711 4684 741 4736 O.
754 4686 830 4748 vul,
851 4686 932 4747 2361,
952 4699 1034 4736 anuos
1053 4685 1120 4736 vitae
1141 4700 1198 4736 cum
1217 4686 1351 4750 stipendiis
1370 4687 1539 4740 walendene.

373 4774 398 4838 ⁴)
419 4775 509 4837 c.v1‚
530 4776 609 4826 2495.
630 4775 710 4826 2589.
732 4777 813 4828 3419.

376 4865 399 4928 ⁸)
420 4867 512 4930 QVI,
533 4868 613 4916 2440.
652 4868 701 4929 ΙΧ,
722 4867 802 4918 5840.
842 4867 922 4920 Orell.
944 4868 1022 4920 1646.
1061 4867 1147 4935 Supra
1164 4886 1190 4935 p.
1206 4869 1239 4920 57
1259 4885 1284 4919 u.
1301 4869 1362 4920 148.

372 4955 397 5020 ⁶)
417 4959 553 5020 Quaenam
573 4973 605 5009 ea
622 4959 719 5009 suerint
737 4957 787 5009 boc
813 4960 871 5010 loco
902 4975 949 5026 ego
973 4977 1025 5011 non
1048 4975 1173 5026 exequsr;
1202 4962 1248 5012 sed
1272 4962 1328 5025 ipsa
1354 4976 1396 5012 res
1420 4962 1500 5028 digna
1521 4969 1558 5012 est
1579 4973 1642 5024 qnae

314 5051 450 5114 diligenter
468 5057 602 5113 tractetur,
626 5057 771 5115 exponatur
795 5051 905 5114 scilicet,
936 5053 1047 5118 exempli
1067 5067 1144 5104 csusa
1169 5054 1197 5103 in
1215 5068 1244 5102 rs
1263 5054 1394 5103 mensoria
1418 5054 1458 5103 vel
1481 5051 1642 5105 frumentaria

316 5143 444 5206 principes
464 5157 528 5207 qnos
546 5143 677 5193 adiutores
695 5141 860 5194 adhibuerint
879 5151 904 5194 et
927 5151 1051 5210 qnatenus
1076 5145 1188 5196 militare
1211 5143 1325 5196 cilicium
1348 5145 1381 5195 ad
1408 5145 1510 5214 negotia
1533 5143 1574 5194 ills
1593 5153 1642 5189 tut

313 5238 406 5283 natura
424 5247 588 5300 nequequam
610 5235 750 5286 cestrensis
769 5235 920 5287 translatum
939 5235 980 5288 sit.
