3444 5932
309 586 381 660 136
893 603 1076 658 uouusnn

305 798 362 840 nus
382 783 535 856 ingenuus,
562 785 594 836 nt
614 778 681 854 ipse
707 777 750 836 ait
780 777 845 853 (19,
866 776 894 850 8,
915 777 964 854 6),
994 787 1083 837 natus
1108 796 1134 836 c.
1154 797 1181 836 a
1198 777 1259 837 330
1285 785 1437 855 protector
1462 777 1636 836 domesticus
1711 805 1712 810 1

308 878 372 958 (15,
389 882 419 953 5,
434 879 489 957 22)
510 899 563 958 per
584 899 611 938 a.
628 879 796 940 353-357
821 879 921 938 otiicia
941 879 1061 956 publica
1082 887 1225 938 executus
1247 889 1303 938 est.

351 980 436 1056 Quos
459 1000 552 1058 snpra
573 979 712 1058 adlegavi
733 981 850 1039 nobiles
873 988 944 1040 sunt
965 981 1090 1057 originis
1111 981 1276 1040 Romanae.
1325 980 1396 1038 Pari
1426 979 1515 1038 modo
1545 980 1639 1038 alieni·

309 1102 412 1162 genes,
435 1081 602 1143 Germanos
625 1081 754 1142 maxime
776 1082 895 1140 labente
918 1081 1041 1140 saeculo
1064 1082 1200 1140 militiam
1220 1081 1386 1140 Romanam
1409 1081 1581 1158 suscepisse
1601 1081 1640 1139 in-

312 1185 389 1263 signi
411 1183 549 1260 exemplo
572 1183 706 1242 declarat
731 1183 835 1242 titulus
858 1183 1054 1243 Treverensis
1077 1202 1105 1241 n.
1124 1183 1172 1241 35.
1221 1183 1252 1242 ls
1278 1183 1358 1242 enim
1386 1184 1492 1259 quinto
1519 1182 1641 1241 sortasse

311 1287 441 1357 saeculo,
464 1294 542 1344 certe
564 1304 623 1343 non
646 1291 715 1342 ante
730 1293 870 1360 quartum
892 1285 1010 1362 positus
1033 1295 1080 1343 est
1094 1285 1279 1343 adulescenti
1301 1304 1339 1343 ex
1362 1293 1449 1362 gente
1470 1285 1558 1362 regia
1571 1283 1641 1343 Bur-

309 1389 491 1464 gundionum
517 1381 683 1460 oriundo¹)
711 1384 867 1460 Hariulfo,
894 1387 944 1463 qui
967 1387 1123 1446 defunctus
1145 1398 1191 1446 est
1212 1393 1364 1464 protector
1385 1385 1571 1444 domesticus
1595 1403 1641 1442 an·
1712 1427 1713 1460 3

310 1509 382 1548 num
404 1505 497 1566 agens
519 1488 693 1547 vicesimum
715 1488 853 1564 primum.
890 1487 977 1546 Multi
999 1490 1065 1548 sine
1085 1487 1176 1546 dubio
1198 1507 1236 1547 ex
1255 1486 1416 1548 Germanis
1431 1489 1463 1546 in
1477 1507 1510 1545 rc
1525 1487 1642 1565 publica
1712 1507 1713 1510 ¹

311 1590 450 1650 Romana
471 1609 573 1648 eorum
600 1598 767 1666 temporum
790 1607 922 1648 summos
944 1590 1073 1649 bonores
1100 1589 1245 1649 militares
1267 1589 1420 1648 adsecutis
1442 1588 1533 1647 simili
1559 1588 1643 1646 modo

311 1711 366 1769 per
387 1699 619 1769 protectoratnm
642 1707 764 1750 cursum
786 1691 934 1750 honorum
955 1691 1085 1768 ingressi
1107 1699 1185 1750 sunt.

355 1793 422 1851 Hoc
448 1791 538 1852 modo
567 1791 604 1850 sd
631 1798 864 1867 protectoratum
892 1794 987 1852 evecti
1013 1811 1079 1851 cnm
1105 1793 1163 1850 iam
1187 1791 1392 1851 Valentiniani
1418 1792 1484 1868 lege
1512 1791 1570 1850 illa
1596 1811 1644 1867 pro
1713 1795 1714 1878 l

312 1895 377 1954 loco
399 1895 625 1971 quinquagenos
652 1893 766 1952 solidos
792 1894 909 1954 solvere
935 1895 1106 1953 iuberentur
1131 1894 1350 1972 protectoribus
1377 1893 1527 1952 veteranis
1556 1894 1645 1970 gratis
1713 1881 1714 1950 Ῠ

312 1995 475 2072 creatis²)‚
502 2005 734 2054 consentaneum
760 2005 807 2054 est
828 2003 961 2072 tempore
987 1996 1166 2073 procedente
1194 2005 1354 2054 veteranos
1385 2003 1573 2072 protectores
1599 2014 1645 2052 ex·

312 2099 442 2157 olevissc
474 2107 505 2156 et
536 2105 768 2172 protectoratum
802 2097 937 2156 venalem
972 2096 1083 2156 iactum
1117 2117 1176 2156 non
1210 2105 1270 2155 tam
1303 2095 1459 2156 nobilitate
1490 2103 1520 2155 et
1553 2099 1647 2172 matis

312 2197 412 2278 parari
435 2217 523 2275 quam
553 2199 688 2275 pecnnia
737 2197 879 2274 Resque
906 2199 1073 2275 pervenerit
1099 2198 1221 2257 saeculo
1248 2207 1347 2270 sexto,
1377 2198 1488 2258 diserte
1516 2198 1647 2276 explicat

313 2301 481 2378 Procopius
506 2299 576 2358 hist.
600 2317 660 2356 arc.
684 2298 737 2359 24:
769 2289 821 2356 sini
841 2288 872 2356 δὲ
894 2289 941 2356 καὶ
962 2289 1046 2382 ἕτεροι
1072 2301 1124 2358 τῶν
1150 2297 1178 2356 ἐν
1204 2293 1334 2375 παλατΐῳ
1363 2300 1465 2375 πολλῷ
1489 2290 1646 2382 ἆξιῶτιροι,
1714 2353 1715 2378 ,

314 2393 374 2460 ἐπεὶ
395 2390 443 2458 καὶ
465 2393 550 2458 πλείω
572 2392 603 2457 rb
626 2391 759 2469 δημοσιον
781 2395 877 2462 αὐτοῖς
897 2403 1035 2484 χορηγεῖν
1061 2396 1179 2467 εἴωθεν,
1204 2391 1255 2458 ὅτε
1282 2390 1329 2456 καὶ
1357 2391 1440 2470 μοι’ζω
1462 2397 1647 2458 κατατιὲιῒοι
1714 2453 1715 2456 ,

313 2503 367 2560 τοῦ
387 2503 438 2570 τῆς
459 2493 608 2582 στρατείας
630 2492 767 2570 c'vo'unros
793 2495 831 2558 roi
860 2493 1018 2571 τιμήματα,
1044 2491 1068 2558 o‘l
1093 2496 1127 2570 δὴ
1156 2491 1315 2571 duubertus}
1336 2523 1367 2558 ra
1393 2487 1440 2558 nal
1466 2491 1648 2584 προτιῖκτορεσ

314 2602 514 2662 inmutatum
540 2592 588 2660 uui
617 2591 763 2660 oe'ru'uuSsv
793 2592 960 2672 ἇμιλὲιητοῖ
984 2601 1035 2660 οἷοι
1061 2593 1200 2670 πολεμίων
1231 2593 1337 2683 ἔργων·
1370 2593 1484 2683 ια’ξεως
1513 2595 1575 2684 γὰρ
1604 2593 1649 2659 xci

315 2697 468 2786 προσώπου
490 2693 570 2760 ἕνεκα
593 2693 675 2769 μα’νον
696 2701 724 2760 ἒν
745 2695 875 2778 παλατῖῳ
902 2694 1029 2760 εἰώθασι
1055 2694 1287 2781 καταλέγεσθαι.
1335 2703 1372 2761 Id
1397 2723 1465 2762 cnm
1492 2722 1512 2761 a
1537 2705 1646 2762 calum·

316 2807 432 2865 nistore
458 2806 628 2882 proteratur
650 2805 719 2864 licet
744 2823 803 2864 non
830 2823 885 2882 pro
913 2805 1062 2882 vituperio
1091 2805 1303 2882 (Iustinianum
1330 2807 1407 2864 enim
1435 2823 1494 2864 non
1520 2805 1560 2864 ob
1587 2826 1647 2865 cor·

318 2915 435 2984 ruptam
457 2907 592 2965 militiam
616 2907 819 2982 reprehendit,
853 2906 906 2964 scd
928 2907 966 2964 ob
991 2906 1092 2966 debita
1114 2907 1258 2966 militibus
1279 2907 1340 2965 illis
1370 2906 1518 2984 stipendis
1545 2907 1647 2966 fraude

317 3008 511 3085 intercepta),
547 3027 649 3066 verum
683 3025 751 3066 esse
783 3007 867 3083 ipsae
903 3007 986 3085 leges
1021 3008 1181 3066 declarant.
1240 3007 1287 3066 Its
1318 3007 1454 3067 Iustinus
1489 3008 1671 3084 imperator¹

318 3109 370 3186 (G.
386 3109 460 3168 Iust.
477 3107 505 3182 3,
529 3109 558 3182 7,
581 3107 630 3181 35,
654 3109 686 3183 3)
709 3108 846 3168 beneficii
869 3127 960 3168 causa
981 3108 1046 3168 fisci
1068 3113 1201 3184 patronis
1222 3109 1269 3168 ius
1290 3109 1394 3168 tribuit
1415 3109 1544 3185 singulis
1565 3112 1648 3170 annis
1715 3139 1716 3146 ι

318 3210 503 3288 singulorum
526 3209 755 3269 domesticorum
782 3211 917 3287 equitum
943 3210 1135 3287 peditumque
1160 3211 1424 3282 nominandorum,
1450 3221 1483 3270 ut
1509 3230 1566 3287 pro
1592 3213 1647 3271 sin·

317 3313 396 3391 gulis
418 3311 490 3372 bina
511 3309 676 3370 solidorum
699 3311 781 3370 milia
802 3307 949 3387 ‘nihilque
971 3307 1113 3389 amplius’
1134 3312 1292 3372 comitibus
1315 3332 1418 3372 eorum
1441 3313 1620 3388 dependant.

360 3411 547 3490 Stipendium
570 3412 730 3487 protectori
752 3413 845 3472 multo
868 3413 980 3490 largius
1002 3413 1102 3472 datum
1126 3431 1298 3490 essequam
1314 3415 1457 3474 militibus
1472 3414 1597 3491 reliquis
1612 3434 1648 3472 ex

320 3535 411 3592 supra
432 3514 519 3574 dictis
541 3514 690 3592 colligitur
711 3522 741 3573 et
763 3534 801 3574 ex
823 3516 891 3591 ipsa
914 3535 945 3574 re
972 3516 1045 3574 satis
1068 3525 1158 3592 patet.
1194 3517 1359 3591 Antiquom
1383 3515 1565 3593 stipendium
1588 3533 1647 3576 ses-

317 3617 437 3676 tertium
469 3617 649 3674 ducenorum
676 3623 706 3675 et
732 3616 831 3694 ipsum
857 3617 984 3675 sortasse
1011 3617 1194 3692 aliquamdiu
1220 3617 1338 3676 duravit
1365 3627 1397 3675 ut
1422 3617 1530 3675 durare
1555 3619 1647 3694 potuit

318 3739 352 3778 re
373 3718 541 3778 nummaria
562 3725 625 3776 tota
647 3725 773 3788 mutata,
800 3717 913 3777 scilicet
933 3720 964 3777 in
987 3718 1139 3796 dignitatis
1162 3718 1336 3778 vocabulum
1359 3737 1545 3778 conversum.
1591 3719 1649 3777 Diu

319 3830 419 3881 tamen
441 3841 480 3880 ne
500 3821 555 3878 hoc
577 3819 698 3894 quidem
721 3819 848 3891 mansit;
871 3838 939 3878 nam
962 3819 1126 3896 posteriore
1148 3827 1246 3879 aetate
1267 3829 1452 3896 protectores
1476 3819 1648 3880 ducenario-

318 3941 384 3982 rum
406 3922 553 3981 vccabulo
576 3920 704 3998 amplius
727 3939 785 3978 non
804 3929 935 3980 utuntur.
972 3921 1008 3980 ld
1024 3921 1100 3981 redit
1115 3921 1222 3997 opinor
1237 3921 1275 3978 ad
1290 3921 1506 3980 institutionem
1523 3922 1648 3980 fortasse

321 4021 490 4082 Constantii
514 4023 635 4082 scholae
657 4023 808 4100 agentium
831 4023 861 4080 in
877 4023 974 4096 rebus,
997 4023 1043 4081 cui
1066 4033 1096 4082 et
1110 4041 1181 4100 pars
1196 4023 1363 4082 officiorum
1379 4023 1491 4081 tradita
1505 4031 1650 4082 ostentes

380 4241 404 4303 ¹)
424 4240 531 4308 Regalis
551 4243 633 4307 qentie
653 4237 867 4308 Burgundionum,
887 4243 914 4292 id
934 4242 1004 4308 quod
1022 4243 1049 4292 in
1069 4243 1143 4292 titulo
1162 4243 1264 4306 legitur,
1285 4242 1424 4306 respondet
1442 4242 1507 4292 lucis
1523 4243 1649 4293 Ammiani

322 4335 371 4397 16,
397 4335 443 4396 12,
471 4334 504 4383 2³
523 4347 589 4398 scqr
619 4331 755 4384 ductabant
774 4334 883 4401 populos
906 4333 1088 4396 (Alamannos)
1116 4331 1305 4384 durandomarus
1326 4341 1350 4383 et
1373 4331 1482 4400 Serapio
1507 4333 1650 4385 παιήονα

323 4431 379 4476 oute
398 4424 465 4474 elios
482 4439 555 4490 reyes
578 4459 604 4474 ..
629 4421 675 4475 bos
698 4423 862 4492 sumebantur
880 4433 1006 4493 potestate
1023 4427 1139 4492 prosim
1158 4441 1230 4492 reges
1254 4439 1353 4474 numero
1377 4425 1484 4491 quinque
1507 4425 1648 4492 repulsaque

321 4515 444 4568 decussi
464 4517 606 4582 optimorum
625 4517 704 4566 aerim
721 4533 813 4583 magno
834 4525 1033 4584 armatorumque
1057 4517 1129 4566 milio
1153 4517 1261 4583 triginta
1278 4523 1303 4566 et
1325 4516 1431 4582 quinque
1460 4517 1585 4578 (similiter
1606 4517 1647 4576 11,

321 4611 363 4670 12,
379 4607 409 4658 9:
431 4605 605 4658 Zicoisets'am
618 4609 784 4674 trrmrepclia.
816 4611 857 4671 10,
873 4611 897 4670 2,
915 4609 962 4658 13:
982 4623 1054 4674 reyes
1072 4623 1154 4659 omncs
1172 4615 1196 4658 et
1215 4607 1351 4674 requiscet
1363 4607 1471 4673 regulos.
1505 4611 1646 4668 st,10,1:

321 4699 479 4750 Almnonnus
501 4699 598 4764 repetis
616 4699 707 4750 chdc
731 4701 842 4761 norrn'ue,¹
869 4701 902 4750 cf.
923 4703 967 4762 17,
990 4701 1032 4762 13,
1053 4699 1107 4762 st).
1152 4701 1273 4764 Explicat
1296 4698 1449 4749 vocabulum
1472 4699 1647 4764 grammaticus

321 4793 354 4842 ds
373 4791 525 4842 differentiis
540 4791 610 4856 apud
623 4792 758 4856 Hagenum
777 4793 867 4842 anecd.
881 4793 982 4842 Helvet.
1002 4807 1027 4856 p.
1039 4791 1105 4842 277:
1124 4793 1190 4842 inter
1208 4805 1290 4858 regem
1308 4797 1333 4840 et
1350 4790 1460 4857 regalem
1479 4789 1526 4841 loo
1543 4791 1647 4846 interest,

321 4881 389 4949 quod
405 4883 491 4948 regius
505 4897 571 4948 puer
590 4889 628 4931 est
643 4873 770 4948 ‘regalis',
794 4873 853 4932 ‘rex'
876 4883 920 4948 qui
937 4883 1003 4949 regit
1021 4897 1124 4948 regnum
1142 4882 1190 4945 (sic
1208 4881 1276 4932 eninr
1297 4882 1375 4932 verba
1393 4881 1504 4946 legendo
1522 4891 1546 4932 et
1562 4881 1648 4931 ‹listin-

322 4975 426 5039 gnenda
454 4988 510 5024 esse
538 4983 646 5038 apparet
668 4973 700 5024 ab
729 4974 829 5024 editore
851 4989 941 5038 pamm
966 4973 1114 5035 intellecta).
1162 4975 1202 5025 Οἱ.
1222 4974 1309 5024 Waltz
1337 4971 1454 5024 deutsche
1476 4971 1646 5038 Versnssunqs·

322 5061 463 5130 qucbicbte
484 5062 514 5114 1⁸
537 5081 562 5129 p.
577 5065 639 5116 305.

380 5153 404 5216 ²)
424 5155 503 5206 Redit
520 5156 602 5219 idem,
627 5172 685 5208 cum
704 5163 862 5221 protectores
881 5158 916 5207 ad
935 5157 1049 5208 cilicium
1068 5163 1264 5222 promoventur:
1290 5159 1418 5208 veteranis
1436 5159 1513 5208 datur
1530 5159 1644 5213 immune,

322 5259 339 5296 a
356 5249 482 5310 promotis
500 5249 585 5313 gratia
605 5249 633 5316 (ii
652 5249 721 5300 enim
741 5256 829 5317 aperte
847 5249 1039 5316 intelleguntur)
1060 5249 1191 5317 sportulae
1212 5251 1350 5315 exiguntur
1369 5251 1410 5314 (O.
1424 5251 1475 5303 Tb.
1490 5251 1516 5314 7,
1535 5251 1575 5309 70,
1594 5245 1646 5305 13).
