3444 5932
429 599 729 654 oasaavffloaus
750 601 1037 654 arrcnararcaa.
1324 583 1395 654 149

96 775 155 844 sint,
178 781 307 832 suctores
328 791 387 834 non
409 774 608 848 tradiderunt,
636 781 669 834 ut
690 773 837 852 quidquid
859 774 895 834 de
919 791 955 834 ea
976 793 1008 832 rc
1030 775 1121 834 statui
1146 774 1257 852 possit,
1284 782 1336 834 aut
1357 793 1396 834 ox

94 873 203 934 universi
222 874 347 934 instituti
369 875 542 935 condicione
565 884 595 934 et
615 877 799 954 proprietate
821 875 1023 956 colligendam
1047 875 1087 936 sit
1108 885 1161 935 aut
1182 895 1221 934 ex
1243 885 1395 935 auctorum

92 976 151 1034 loeis
174 976 271 1052 paucis
298 977 451 1053 titulisque
476 979 547 1038 item
574 995 633 1038 nou
660 977 781 1050 multis,
813 979 865 1054 qui
891 979 921 1036 in
950 977 1076 1056 siugulis
1104 979 1236 1036 evocatis
1264 977 1395 1038 officium

91 1079 224 1138 enuntiant
244 1078 288 1136 vel
314 1079 454 1138 iudicant.
499 1078 573 1140 Cum
601 1087 718 1138 constet
743 1097 960 1158 saepenumero
985 1087 1124 1138 evocatos
1152 1089 1306 1155 promotos
1329 1099 1396 1140 csse

92 1180 121 1236 ad
148 1180 359 1238 centurionatus
370 1180 412 1256 ¹),
450 1181 549 1242 adbuc
576 1181 754 1240 credidimus
782 1181 855 1240 illud
883 1198 992 1258 corpus
1020 1189 1173 1256 tamquam
1203 1181 1395 1240 seminarium

91 1282 166 1340 luisse
179 1283 393 1355 centurionnm3
417 1283 469 1342 sed
493 1283 567 1342 haec
588 1292 621 1341 ut
641 1283 703 1342 alia
723 1283 873 1343 tralaticia
888 1283 982 1342 multa
1000 1282 1037 1340 de
1059 1301 1091 1341 re
1106 1282 1228 1340 militari
1243 1281 1395 1342 Romano·

91 1401 140 1440 run
155 1401 216 1442 rere
229 1383 421 1444 laudamento
437 1393 547 1456 carent,
569 1385 730 1462 possisque
751 1385 817 1462 pari
839 1385 903 1444 iure
918 1383 1097 1444 contendere
1113 1384 1250 1444 tribunos
1268 1384 1394 1444 militum

91 1484 219 1542 institutos
240 1502 309 1544 esse
331 1498 454 1563 propter
472 1487 706 1564 procurationes.
739 1485 836 1546 Immo
851 1486 952 1546 obstat
973 1505 1033 1546 non
1048 1485 1154 1556 solum,
1176 1486 1254 1562 quod
1276 1496 1394 1564 praeter

91 1594 204 1644 erocum
225 1586 314 1644 etiam
337 1606 375 1646 ex
396 1588 614 1666 principalibus
630 1589 767 1666 optiones
790 1599 819 1646 et
837 1588 932 1666 magis
948 1589 1037 1646 etiam
1053 1587 1242 1646 cornicularii
1264 1587 1395 1664 legitime

91 1687 118 1744 sd
136 1688 360 1750 centurionatum
383 1687 647 1766 promoventur²)‚
670 1690 721 1748 sed
744 1690 838 1750 multo
860 1690 965 1768 magis,
988 1689 1068 1766 quod
1083 1689 1126 1748 ita
1140 1689 1222 1748 nulla
1237 1707 1330 1748 causa
1344 1709 1394 1766 ap-

90 1805 162 1870 paret,
180 1811 228 1852 car
249 1793 359 1852 urbani
380 1792 490 1850 milites
513 1791 573 1851 soli
595 1791 632 1848 ad
655 1793 858 1852 evocationem
880 1791 1083 1850 admittantur.
1116 1789 1194 1850 Nam
1214 1809 1393 1868 quamquam

91 1895 247 1956 mutationes
270 1903 352 1954 certe
374 1893 533 1970 legionarii
555 1893 684 1952 maxime
705 1893 823 1954 labente
846 1901 942 1952 aetate
964 1909 1073 1970 magna
1095 1912 1133 1951 ex
1155 1899 1238 1970 parte
1261 1911 1299 1950 ex
1317 1893 1394 1952 mili·

93 1997 235 2056 tiaurbana
254 2004 473 2074 provenerunt,
502 1995 605 2071 quiin
631 1995 749 2071 legione
775 1995 805 2052 in
832 1995 937 2054 ordine
964 1995 1117 2054 merebant
1143 2013 1162 2051 a
1187 1995 1394 2054 centurionatu

96 2099 151 2156 nalo
176 2109 306 2175 tempore
341 2091 569 2172 arcebantur³)‚
602 2115 656 2154 nec
684 2095 771 2154 facile
800 2116 898 2156 rerurn
926 2096 1039 2174 peritus
1066 2094 1201 2152 admittet
1223 2097 1393 2172 Angustum

98 2201 249 2258 seminarium
276 2199 485 2258 centurionum
513 2197 744 2275 legionariorum
772 2198 814 2256 ita
840 2197 1024 2269 condidisse,
1051 2204 1083 2254 ut
1112 2198 1242 2256 urbanae
1270 2197 1394 2256 militiae

95 2301 131 2357 sal
146 2311 260 2378 pateret.
308 2298 407 2373 Quam
430 2300 468 2358 ob
490 2319 553 2358 rem
575 2301 631 2360 etsi
653 2309 844 2358 evocatorum
867 2317 975 2376 corpus
998 2298 1107 2357 multos
1130 2297 1225 2370 dedit,
1252 2299 1302 2374 qui
1325 2317 1393 2356 cen-

92 2403 234 2464 indonatum
258 2403 290 2460 in
314 2401 432 2478 legione
453 2409 602 2478 caperent,
625 2401 722 2477 ipsum
746 2402 810 2460 siue
826 2401 916 2461 dubio
939 2401 977 2460 ob
993 2401 1069 2458 alias
1089 2416 1198 2458 causas
1220 2399 1390 2458 institutum

88 2516 126 2560 est
150 2504 206 2564 Bne
228 2512 261 2562 nt
282 2502 508 2581 intellegantur,
531 2502 701 2580 colligenda
722 2513 791 2562 sunt
811 2521 888 2580 quae
911 2503 947 2560 de
970 2501 1097 2580 singulis
1119 2509 1310 2559 evocatorum
1327 2502 1391 2562 offi-

87 2605 126 2662 ciis
143 2614 293 2684 supersunt
316 2605 501 2678 testimonia,
525 2605 743 2681 videndumque
764 2623 834 2662 num
856 2604 925 2662 inde
947 2602 1059 2680 aliquid
1081 2602 1229 2662 eliciatur
1250 2603 1328 2679 quod
1352 2603 1391 2662 ad

87 2705 160 2780 ipsam
179 2725 286 2785 corpus
309 2706 515 2782 perveniam).

162 2827 189 2902 l)
208 2828 358 2886 Evocatus
379 2827 506 2902 Augusti
531 2827 568 2884 ab
593 2830 666 2886 uotis
687 2828 754 2901 sori
778 2835 914 2900 repertus
935 2833 983 2882 est
1008 2825 1039 2882 ia
1060 2824 1155 2884 titulis
1177 2825 1389 2886 Auximatibus

208 2927 329 2987 duobus
351 2925 676 3000 o.1x‚5sas.ssso‚
699 2937 827 2986 maeatae
850 2929 880 2985 r'rr
894 2929 965 3003 juro
986 2925 1023 2985 ab
1046 2929 1117 2985 actis
1139 2926 1170 2984 in
1186 2927 1327 2986 Atellano
1349 2927 1389 2998 X,

208 3031 302 3089 3733.

158 3131 187 3208 7)
206 3133 355 3191 Evocatus
383 3149 403 3188 a
430 3131 662 3208 commendantia)
692 3129 912 3206 mormiliorum)
946 3128 1095 3188 iuvenitur
1122 3129 1154 3188 in
1181 3128 1267 3188 titulo
1298 3147 1390 3206 supra

207 3253 235 3310 p.
255 3233 316 3292 148
340 3253 367 3290 n.
386 3233 404 3292 2
425 3231 519 3290 relato
540 3233 661 3291 invento
677 3231 854 3301 Ravennam
876 3229 1002 3289 conferri
1024 3239 1123 3308 potest
1141 3227 1175 3289 O.
1191 3229 1248 3288 Tb.
1266 3229 1294 3303 9,
1311 3231 1339 3302 3,
1356 3231 1388 3290 δι

208 3337 249 3394 ad
264 3338 539 3393 commentariensem
557 3343 732 3410 receptarum
746 3351 937 3409 personarum
952 3333 1083 3390 molodia
1097 3333 1311 3410 observatioque
1321 3351 1388 3409 per·-

208 3441 299 3496 tineat
324 3454 390 3494 cum
416 3435 610 3494 adnotatione
637 3432 826 3494 Gothot'redi.
849 3467 888 3476 -
912 3433 1029 3492 Vononi
1056 3451 1180 3510 regnum
1206 3433 1387 3494 Parthorum

206 3537 368 3596 adfectanti
390 3545 421 3594 et
441 3555 511 3614 rege
532 3555 635 3596 eorum
649 3536 802 3594 Artabano
825 3543 943 3611 petente
964 3535 1205 3612 Pompeiopolim
1226 3535 1257 3593 in
1279 3534 1388 3595 Cilicia

207 3641 341 3718 relegato
364 3638 518 3698 custodiae
533 3656 626 3698 cansa
639 3638 805 3697 Remmium
822 3645 977 3697 evocatum
993 3637 1163 3713 appositum
1178 3655 1243 3696 csse
1258 3636 1386 3696 Tacitus

207 3749 313 3800 narrat
335 3739 418 3814 (aura
435 3739 463 3811 2,
487 3739 526 3798 68
548 3740 585 3798 ci.
602 3738 665 3814 61).

157 3841 187 3916 3)
208 3842 357 3902 Evocatus
372 3839 499 3916 Auquatr'
519 3859 538 3898 a
560 3840 771 3916 quaestionibus
789 3841 998 3917 waesectoruru
1015 3843 1162 3916 praetorio
1185 3847 1232 3898 est
1254 3841 1284 3898 in
1300 3839 1386 3899 titulo

81 4017 259 4034 Q*—

125 4148 144 4211 1)
161 4151 274 4204 Schmidt
294 4171 319 4220 p.
334 4155 401 4216 ³45;
422 4155 455 4205 ci.
475 4153 559 4204 Csuer
578 4155 605 4204 in
623 4154 672 4205 hac
694 4153 761 4219 Eph.
776 4154 814 4204 1v
834 4169 859 4218 p.
872 4153 935 4204 480.
980 4151 1033 4202 Dio
1053 4151 1096 4214 73,
1118 4153 1134 4204 b
1153 4153 1220 4204 inter
1239 4153 1387 4205 coniuratos

78 4237 248 4296 luCancellae
267 4247 375 4298 caedem
394 4247 512 4296 nominat
528 4247 623 4296 Iulium
639 4245 786 4296 Martialem
806 4239 830 4294 ir
848 4261 874 4293 τι
893 4247 947 4302 τοῖς
965 4231 1117 4308 ducatricem
1136 4234 1328 4314 πρατιυᾶμινιιν
1346 4242 1386 4295 acl

78 4319 135 4396 &priv
152 4332 237 4387 stantes
255 4337 291 4402 τῷ
308 4333 443 4401 'Aurariae
463 4331 566 4408 ἶχονια,
589 4321 627 4386 ἔτι
644 4331 840 4407 διατονιαρχίαν
859 4325 988 4400 alericum
1009 4329 1050 4384 arirr
1070 4324 1191 4386 ἔδιδιῖιιιι.

123 4421 144 4486 ²)
161 4427 240 4480 Cauer
258 4433 277 4482 l.
293 4447 315 4481 c.
335 4447 360 4496 p.
375 4431 437 4479 471.
451 4429 513 4479 475.
542 4429 667 4494 Optiones
687 4437 772 4479 tamen
792 4445 853 4480 uum
876 4427 1034 4480 sollemniter
1055 4430 1091 4479 ita
1105 4437 1312 4494 promoveantur,
1333 4445 1386 4480 non

79 4513 122 4564 tint
137 4531 207 4570 ansa
223 4523 249 4572 in
269 4521 457 4572 dubitationem
479 4523 587 4570 vocavit.
618 4521 669 4583 Qui
688 4521 722 4570 ad
741 4522 945 4572 centurionatum
964 4535 997 4571 ex
1014 4522 1071 4571 loco
1088 4521 1210 4572 inferiore
1223 4525 1383 4587 perveniunt,

79 4611 100 4652 ¹¹¹
113 4608 216 4672 austeri
234 4621 259 4663 et
279 4613 447 4674 beneficiarii,
468 4628 512 4662 eos
531 4613 597 4662 saltn
616 4620 750 4678 promotor
770 4627 824 4662 esse
845 4611 982 4662 semsimila
1002 4619 1048 4662 est.

122 4696 143 4760 ³l
159 4701 312 4770 Maguopere
332 4705 529 4756 desiderandum
550 4713 600 4766 est,
630 4711 658 4754 ut
677 4705 830 4769 colligantur
849 4704 1004 4754 documenta
1022 4704 1054 4754 de
1074 4705 1269 4756 condicionibus
1297 4710 1384 4754 centu-

78 4787 184 4855 rlouetus,
208 4795 265 4846 dico
290 4798 323 4846 de
348 4797 447 4862 armine
470 4796 654 4861 stipendiisque
674 4803 734 4845 ante
756 4795 832 4846 lactis
855 4810 982 4861 quaenam
1004 4796 1074 4862 leges
1097 4797 1167 4862 apud
1185 4797 1316 4848 Romanos
1338 4810 1385 4860 per

79 4877 160 4932 diveas
176 4890 334 4952 temporalo
353 4903 400 4938 usu
419 4889 515 4937 fuerint
533 4895 561 4937 ut
579 4888 728 4952 explicetur.

122 4970 239 5034 ‘illotae
260 4979 313 5040 v1,
337 4979 409 5030 7373
428 4979 479 5030 ΠΙ.
493 4979 542 5029 bi:
566 4983 659 5028 tvos
682 4987 708 5028 et
718 4979 764 5041 IV,
784 4979 832 5030 51:
856 4983 939 5028 Evoc
956 4984 977 5026 fl
998 4980 1060 5045 quid
1076 4978 1226 5043 significent,
1241 4978 1383 5041 ignoratur.

78 5055 183 5115 Ετοεατιιι
200 5065 372 5136 beneficiarius
390 5071 494 5122 delendi
514 5086 567 5122 non
585 5079 670 5137 potest
688 5071 739 5122 nisi
757 5077 786 5122 ut
804 5071 831 5121 id
849 5071 955 5122 abusive
973 5073 1095 5136 scriptum
1115 5071 1147 5120 sit
1163 5083 1211 5135 pro
1230 5049 1332 5120 euocato
1352 5087 1383 5121 ea

79 5145 224 5222 luerem,-
247 5163 368 5214 sedeam
387 5164 415 5213 in
434 5164 526 5214 eodem
546 5163 669 5214 laterculo
689 5169 757 5216 recte
776 5163 897 5230 scriptum
916 5163 949 5214 sit
969 5161 1106 5226 euac(atur)
1126 5175 1156 5212 ea
1174 5159 1330 5228 adfingere),
1354 5163 1382 5214 in

12 5285 20 5308 ,
79 5237 323 5305 luctaminum
342 5254 418 5306 cadit.
