3348 5926
254 445 327 519 640
828 468 1013 520 uounssn

255 641 335 700 tulae
357 643 453 702 tribus
481 645 528 701 his
559 644 649 702 officii
676 643 853 721 primatibus
865 643 893 720 1)
927 643 1023 720 magis
1049 643 1208 701 solvuntur
1233 653 1356 721 propter
1381 645 1478 703 locum
1502 664 1590 722 quem

258 753 359 804 teuent
381 763 470 820 quam
493 753 617 822 propter
639 764 760 822 operam
783 764 872 822 quam
894 745 1078 822 impendunt.
1100 779 1141 788 -
1167 745 1218 804 Ad
1240 746 1295 804 hos
1318 746 1432 805 accedit
1455 757 1593 806 executor

254 847 321 924 ipse
344 847 385 923 (v.
401 848 440 906 48
458 848 544 924 seq.).
569 881 608 892 -
632 845 792 922 Sportulae
814 855 912 906 autem
937 849 980 905 sic
1002 847 1184 921 dividuntur,
1207 856 1240 906 ut
1260 867 1315 924 pro
1338 849 1469 924 simplici
1487 851 1589 908 itinere

255 949 335 1008 facto
358 949 437 1007 intra
465 950 630 1021 civitatem,
659 951 689 1008 in
718 969 777 1027 qus
801 950 942 1008 iudicium
971 950 1117 1020 redditur,
1146 949 1272 1026 principi
1301 950 1439 1008 solvatur
1464 952 1588 1028 pretium

255 1050 423 1110 modiorum
453 1053 542 1110 tritici
572 1053 717 1129 quinque,
751 1053 947 1110 corniculario
976 1051 1103 1127 pretium
1136 1053 1304 1110 modiorum
1337 1054 1461 1112 duorum
1492 1055 1589 1118 semis,

255 1153 514 1212 commentariensi
542 1155 732 1226 tantundem,
760 1155 913 1214 executori
940 1154 1105 1212 modiorum
1133 1154 1269 1212 duorum.
1322 1159 1481 1232 Augentur
1511 1173 1590 1232 spor-

255 1255 334 1314 tulae
361 1257 473 1331 pariter
499 1266 589 1332 atque
611 1257 726 1316 itineris
757 1257 855 1334 spacia
882 1267 1033 1326 crescunt,
1063 1263 1095 1314 ut
1121 1275 1175 1332 per
1202 1257 1280 1314 dena
1306 1257 1390 1314 milia
1416 1257 1479 1314 bini
1506 1259 1591 1314 modii

256 1357 399 1435 principi,
431 1359 543 1435 singuli
576 1359 772 1418 corniculsrio
804 1367 834 1417 01
862 1359 1123 1417 commentariensi
1158 1358 1341 1426 adiciantur3
1381 1359 1511 1434 denique
1543 1379 1591 1434 pro

256 1459 362 1517 itinere
385 1468 467 1518 trans
490 1479 572 1519 mare
596 1471 736 1538 suscepto
759 1461 899 1539 princeps
921 1467 1038 1518 centum
1060 1460 1175 1519 modios
1197 1460 1339 1537 accipiat,
1368 1460 1427 1518 duo
1454 1462 1592 1536 primates

257 1571 418 1636 sequentes
440 1562 604 1621 dimidium.
652 1563 816 1621 Executori
840 1581 959 1638 quoque
985 1562 1083 1620 simile
1109 1571 1301 1640 augmentum
1328 1563 1504 1620 attributum
1531 1581 1594 1622 esse

258 1672 345 1722 aucto
368 1665 472 1723 labore
494 1665 656 1724 verisimile
678 1671 738 1737 est,
767 1665 821 1723 sed
843 1665 874 1722 id
896 1671 986 1740 caput
1008 1673 1058 1721 aut
1085 1665 1277 1742 neglegenter
1303 1665 1448 1723 omissum
1477 1673 1523 1722 est
1548 1681 1597 1727 001

259 1765 414 1840 legebatur
446 1767 476 1824 in
510 1767 610 1844 lapide
642 1767 703 1825 allo
736 1767 826 1824 hodie
858 1766 1021 1843 deperdito.
1063 1799 1101 1808 —-
1145 1765 1229 1824 Haec
1263 1767 1428 1826 utilissima
1459 1777 1529 1825 sunt
1561 1768 1595 1824 ad

260 1869 460 1942 sportularum
482 1868 544 1926 litis
567 1869 733 1944 primordia
754 1869 977 1946 cognoscenda3
1006 1867 1102 1925 adhuc
1128 1885 1205 1943 quse
1230 1868 1267 1925 de
1293 1887 1329 1925 ea
1355 1887 1388 1926 re
1416 1869 1595 1926 habebamus

259 1971 481 2028 commodorum
504 1971 623 2046 quidem
646 1971 776 2029 maxime
798 1970 942 2047 principis
966 1970 1143 2028 mentionem
1165 1968 1330 2045 iniciunt)
1354 1981 1385 2027 et
1406 1970 1463 2028 hoc
1479 1990 1594 2046 quoque

259 2079 426 2130 monstrant
447 2073 598 2148 sportulas
620 2073 697 2130 inter
719 2071 838 2131 diversa
864 2071 1036 2131 officialium
1065 2091 1176 2150 genera
1201 2071 1363 2130 distributa
1390 2071 1516 2148 00003),
1546 2073 1593 2129 sed

260 2182 400 2233 accurata
422 2183 451 2231 et
472 2174 561 2250 plena
581 2173 625 2232 rei
640 2175 748 2232 notitia
763 2174 1007 2247 destituebamur,
1031 2174 1170 2249 quoniam
1187 2192 1265 2250 quae
1281 2173 1317 2232 de
1333 2175 1480 2250 sportulis
1496 2186 1594 2251 postea

259 2276 340 2334 latae
362 2283 431 2336 sunt
452 2277 534 2354 leges
557 2276 688 2352 potiores
711 2277 871 2351 perierunt.
916 2274 1005 2348 Quod
1027 2285 1132 2352 postea
1153 2275 1293 2347 obtinuit,
1318 2285 1350 2334 ut
1371 2276 1411 2333 06
1435 2277 1498 2334 litis
1520 2295 1590 2334 sum·

261 2397 338 2437 mam
362 2379 514 2454 sportulae
536 2387 714 2448 crescerent,
737 2378 868 2454 exempli
891 2395 982 2435 causa
1004 2387 1036 2435 ut
1058 2377 1096 2434 06
1119 2385 1237 2437 centum
1262 2377 1377 2436 solidos
1402 2397 1499 2454 usque
1517 2379 1591 2436 dimi·

261 2481 343 2539 dium
366 2482 494 2540 solidum
518 2490 659 2540 executor
682 2481 844 2556 acciperet,
873 2487 996 2557 propter
1018 2479 1159 2537 maiorem
1184 2497 1329 2537 summam
1358 2481 1513 2557 sportulas
1539 2500 1593 2537 ms·

261 2583 389 2658 iores4),
411 2573 520 2642 Iuliani
543 2593 676 2660 tempore
700 2593 826 2659 apparet
846 2583 977 2641 nondum
1001 2588 1150 2656 receptum
1173 2581 1277 2640 luisse.

305 2683 502 2745 Scholasticis
531 2685 594 2742 sive
622 2685 777 2742 advocatis
807 2691 837 2742 01
864 2683 1089 2760 exceptoribus,
1116 2683 1187 2741 item
1215 2701 1271 2758 pro
1299 2683 1404 2741 charta
1433 2703 1511 2760 quae
1541 2683 1593 2741 sol-

262 2788 360 2844 vendo
382 2797 465 2860 sunt,
493 2788 624 2864 pendent
646 2808 664 2844 a
690 2803 798 2862 genere
828 2786 968 2856 aetionis3
1003 2785 1225 2861 distinguuntur
1251 2784 1330 2843 enim
1359 2785 1418 2844 tria
1441 2787 1595 2862 postulatio

263 2889 382 2965 simplex
409 2887 505 2964 (016
534 2897 564 2946 et
587 2889 720 2947 fortasse
747 2908 773 2946 v.
791 2886 844 2964 42)
872 2888 937 2946 sive
959 2887 1116 2963 postulatio
1143 2887 1223 2945 nude
1252 2887 1294 2962 (r.
1311 2886 1379 2963 34);
1416 2890 1595 2946 contradictio

264 2989 305 3065 (v.
322 2988 371 3048 29.
388 2990 437 3048 37.
454 2989 521 3066 43);
555 2991 671 3049 accedit
692 2991 722 3048 iu
746 2989 923 3048 scholastico
951 2987 1070 3063 (causa)
1097 2993 1125 3047 in
1153 2993 1287 3064 urpueati
1314 3008 1387 3065 quoe
1406 2991 1538 3064 finiendo
1564 2995 1596 3047 sit

264 3091 305 3166 (v.
320 3091 384 3166 31),
406 3092 437 3151 in
459 3101 619 3169 exceptore
641 3100 671 3151 et
693 3093 842 3151 chartario
864 3091 984 3150 nomine
1007 3109 1097 3150 causo
1112 3091 1228 3166 definita
1249 3090 1359 3168 (1.31)
1382 3092 1448 3150 sive
1462 3093 1595 3166 definitus

219 3259 220 3264 ¹
263 3197 405 3270 nepotiani
427 3193 469 3270 (v.
488 3195 551 3269 44).

305 3295 544 3355 Postulationem
569 3296 775 3373 simplicant)
808 3295 886 3370 quod
914 3296 956 3353 ita
984 3294 1118 3353 videmus
1147 3295 1212 3353 fieri
1241 3295 1321 3372 apud
1350 3307 1418 3354 actu
1451 3296 1498 3370 (id
1524 3297 1595 3354 enim

324 3491 348 3556 ¹)
368 3495 494 3546 Similiter
511 3494 650 3542 secundum
670 3493 751 3556 legem
771 3505 794 3540 0.
809 3492 862 3542 409
883 3491 1039 3553 0.Τ11.16,
1060 3491 1084 3550 5,
1103 3491 1138 3540 46
1160 3491 1276 3540 0111010111
1295 3492 1388 3542 iudicis
1417 3493 1454 3552 (id
1476 3503 1599 3557 0010ηο-

264 3585 338 3646 sidis)
358 3585 477 3650 plectitur
496 3586 585 3650 viginti
603 3584 676 3634 libris
696 3585 751 3634 auri
767 3583 867 3649 punitis
886 3580 967 3632 tribua
980 3579 1142 3648 primatibus.
1179 3581 1220 3632 Cf.
1241 3581 1307 3633 Cod.
1321 3584 1385 3632 lust.
1403 3587 1427 3645 l,
1448 3583 1494 3645 51,
1509 3586 1533 3633 8.
1561 3587 1598 3634 lt.

267 3679 310 3741 19,
325 3680 350 3728 2.
372 3680 414 3740 12,
434 3679 477 3738 59,
500 3679 533 3726 10
547 3693 586 3741 pr.

324 3767 348 3831 ²)
370 3769 544 3820 Gothoirsdus
563 3769 597 3819 ad
616 3769 647 3820 C.
661 3769 711 3819 Th.
726 3769 752 3830 6,
773 3769 816 3829 28,
833 3767 857 3816 3.

325 3859 349 3923 ³)
368 3862 522 3911 Perturbata
539 3869 599 3910 sunt
611 3869 639 3910 ut
651 3861 750 3924 reliqua
765 3859 853 3910 omnia
866 3861 921 3909 eius
934 3861 1012 3910 011001
1027 3874 1092 3924 quae
1105 3859 1137 3908 de
1150 3859 1273 3924 sportulis
1287 3860 1365 3909 tradit
1378 3861 1509 3910 lohannes
1519 3861 1599 3925 Lydus

266 3955 298 4002 de
318 3969 385 4017 mag,
407 3955 435 4016 3,
456 3954 498 4002 24.
544 3953 691 4004 Secundum
710 3967 768 4001 eum
788 3952 900 4015 pertinet
922 3952 955 4002 06
975 3953 1115 4016 principem
1139 3941 1218 4012 ἡτῶν
1238 3948 1378 4018 μονομερόυ
1398 3948 1518 4021 1ντυχιῦν
1537 3951 1602 4000 0101-

266 4033 341 4111 μωγῆ,
363 4045 454 4108 quibus
474 4060 506 4094 ex
526 4045 646 4108 sportulis
665 4045 833 4094 corniculario
854 4045 960 4108 singulis
979 4044 1109 4094 mensibus
1129 4043 1243 4108 singulas
1263 4045 1318 4093 suri
1338 4043 1417 4094 libras
1436 4045 1526 4104 solvit,
1546 4047 1601 4094 irem

266 4137 372 4202 reliquis
392 4137 545 4186 officialibus
565 4135 656 4200 quibus
676 4136 701 4184 in
722 4150 765 4184 eas
784 4137 824 4185 ius
843 4143 881 4184 est
903 4143 989 4200 partes
1013 4151 1071 4184 suas
1095 4135 1184 4184 tribuit
1208 4132 1355 4194 (0610100ῒο
1382 4133 1406 4184 br
1429 4125 1524 4201 τέξε-ως
1545 4123 1601 4184 me*

268 4217 402 4293 suidberct·
421 4217 582 4294 λαμβάνουσι
600 4215 689 4296 μοῖράν
707 4245 762 4276 τινα
780 4225 825 4276 τῶν
843 4215 923 4294 πὸρων
944 4261 968 4276 ..
991 4215 1138 4275 6166101τᾶ
1159 4215 1289 4289 εἰωθὸτα).
1329 4229 1504 4278 Cornicularii
1521 4243 1599 4278 0111010

268 4331 306 4372 est
326 4308 387 4388 perd
405 4307 447 4382 rib
468 4317 492 4368 lu
510 4316 554 4368 acii
573 4318 679 4386 βαθμοῦ
698 4316 739 4367 acl
756 4316 803 4369 adv
822 4309 909 4370 ἄλλων
927 4315 1017 4387 κερδῦν
1030 4313 1165 4386 προνομίαν
1183 4308 1213 4368 td
1230 4315 1341 4388 πληροῦν
1354 4315 1391 4368 δι’
1410 4314 1503 4376 οἰκείας
1514 4311 1598 4382 611101,-

269 4402 392 4482 preda-eur
410 4399 443 4461 16
460 4400 625 4479 πραττόμενα,
647 4412 716 4461 unde
734 4415 850 4477 redigere
870 4413 935 4462 solet
954 4411 1025 4462 mille
1044 4411 1123 4462 libres
1141 4411 1198 4460 suri
1217 4427 1325 4462 annuas.
1358 4415 1429 4462 llaec
1446 4415 1598 4463 narrationi

269 4507 456 4556 distributionis
475 4505 647 4569 sportularum
667 4504 734 4554 inter
753 4505 876 4555 officiales
896 4506 1008 4569 aliquam
1028 4503 1147 4554 notitiam
1167 4505 1322 4570 suppeditat,
1342 4506 1510 4555 1100000110
1523 4507 1597 4556 edicto

268 4613 321 4649 non
341 4605 457 4663 tempore
475 4597 570 4658 solum,
594 4596 639 4646 sed
658 4611 687 4646 re
706 4611 807 4662 quoque
830 4596 962 4656 abhorret;
988 4603 1085 4660 spectat
1104 4596 1172 4646 enim
1192 4597 1226 4646 06
1250 4596 1366 4647 officium
1390 4597 1515 4662 praefecti
1534 4613 1597 4663 prae

268 4692 337 4740 torio
356 4697 382 4740 et
401 4689 434 4739 ad
453 4688 589 4739 commoda
608 4703 661 4737 non
680 4689 764 4739 litium
782 4689 845 4750 sola,
866 4688 911 4738 sed
931 4688 982 4737 alia
1002 4703 1103 4752 quoque
1122 4689 1232 4738 diversa.

328 4782 353 4844 ⁴)
373 4781 533 4846 Theophilus
552 4782 611 4830 inst.
626 4781 651 4841 4,
673 4779 698 4842 6,
720 4781 764 4829 24.

328 4871 352 4936 ⁵)
372 4872 515 4924 Postulutio
534 4871 639 4940 simplex
662 4873 754 4936 legitur
777 4871 854 4922 etism
881 4873 908 4920 in
928 4871 1110 4922 constitutione
1133 4872 1222 4923 Severi
1248 4871 1326 4933 (Cod.
1340 4873 1404 4922 Iust.
1420 4873 1445 4932 3,
1459 4873 1486 4933 9,
1503 4873 1541 4934 l):
1564 4889 1598 4921 rra

270 4967 297 5016 iu
316 4965 437 5015 iudicium
456 4963 564 5015 6060010
582 4981 631 5014 non
649 4963 757 5024 uidetur,
784 4964 809 5013 si
827 4969 920 5012 tautum
935 4963 1077 5030 postulatio
1101 4963 1207 5030 simplex
1231 4962 1360 5014 celebrata
1383 4965 1416 5014 ait
1440 4963 1481 5014 uel
1503 4967 1598 5015 00110111

271 5059 366 5126 species
386 5065 443 5106 ante
462 5055 582 5107 iudicium
600 5073 643 5106 reo
664 5043 790 5122 00911110.
812 5057 877 5106 inter
897 5055 963 5106 litem
981 5057 1045 5106 enim
1064 5062 1226 5107 contestatam
1249 5063 1273 5106 01
1297 5055 1391 5106 editam
1415 5058 1533 5108 0011011011
1546 5075 1597 5124 per·

271 5150 371 5200 multum
395 5151 510 5200 interest:
540 5149 580 5200 lea
603 5149 666 5200 enim
690 5155 748 5200 tunc
774 5147 874 5199 ridetrrr
900 5155 1050 5213 0001001010,
1081 5165 1133 5200 eum
1157 5147 1233 5200 iudex
1249 5165 1301 5218 per
1324 5151 1494 5201 narrationem
1515 5151 1598 5216 seponi
