3348 5926
289 577 359 647 646
861 596 1047 650 uouusnn

286 777 386 827 autem
408 768 539 828 modium
561 789 628 829 eum
651 787 727 842 esse,
749 772 801 846 qui
823 770 904 846 apud
919 770 1074 828 Romanos
1096 769 1277 845 generaliter
1297 769 1432 841 obtinuit,
1455 769 1540 844 periti
1554 787 1607 826 on-

286 889 340 930 nes
362 879 471 931 norunt
482 869 519 946 ¹).

329 973 538 1050 Sportularum
567 976 751 1034 taxationem
779 975 876 1052 ipsam
903 975 1062 1034 aestimare
1089 974 1213 1033 arduum
1243 983 1303 1046 est,
1336 991 1390 1031 nec
1417 975 1493 1031 inter
1524 973 1607 1030 nosur'

286 1078 490 1136 commentarii
512 1077 587 1137 fines
609 1097 646 1135 ea
666 1095 715 1136 res
738 1079 914 1136 continetur.
952 1077 1160 1135 Diocletianus
1183 1077 1215 1134 in
1236 1075 1332 1134 edicto
1352 1076 1389 1134 de
1404 1075 1507 1150 pretiis
1522 1093 1606 1132 rerum

286 1179 433 1238 renalium
456 1181 593 1257 operario
614 1181 727 1239 rustico
750 1186 838 1255 pasto
860 1179 938 1238 solvi
959 1179 1041 1237 iubet
1062 1179 1185 1236 diurnos
1208 1178 1348 1236 denarios
1364 1174 1507 1250 XXV’),
1529 1176 1604 1233 adro

287 1288 369 1353 cato,
397 1290 430 1339 ut
453 1299 545 1359 supra
566 1283 711 1354 vidimus,
739 1301 793 1358 pro
816 1281 1017 1357 postulatione
1045 1280 1184 1352 denarios
1207 1277 1367 1350 collum
1400 1279 1477 1338 idem
1507 1278 1604 1355 speltae

287 1383 430 1455 mundae,
464 1385 547 1442 cuius
576 1385 702 1460 pretium
730 1384 886 1461 probabile
912 1391 960 1442 est
985 1404 1004 1441 a
1031 1383 1171 1442 frumenti
1203 1401 1264 1440 non
1298 1381 1422 1440 multum
1449 1383 1605 1445 recessisse,

286 1494 468 1544 castrensem
490 1485 635 1558 modium,
663 1487 713 1562 qui
737 1486 852 1544 videtur
874 1503 1004 1560 aequare
1030 1485 1145 1544 modios
1171 1485 1312 1560 vulgares
1339 1484 1430 1554 duos,
1455 1485 1514 1542 emi
1539 1483 1606 1540 inbet

288 1587 417 1647 denariis
433 1587 467 1647 (l.
505 1588 547 1646 Hi
566 1588 680 1646 numeri
695 1607 761 1646 curn
777 1589 983 1646 taxationibus
999 1587 1151 1646 Africanis
1166 1587 1335 1664 comparari
1350 1593 1501 1662 poterunt.
1534 1583 1609 1642 Com·

287 1691 387 1765 parari
409 1691 480 1748 item
503 1699 612 1766 potest,
635 1689 716 1765 qnod
732 1690 848 1766 collega
862 1691 993 1767 optimus
1008 1689 1176 1748 Richardus
1192 1688 1316 1748 Boeclrb
1331 1689 1486 1764 quaerenti
1501 1704 1609 1764 respon·

287 1793 340 1864 dit,
363 1793 493 1852 modium
509 1791 648 1852 Italicum
670 1792 722 1868 (=
736 1792 793 1850 litr.
808 1793 835 1850 8.
850 1791 903 1866 75)
927 1800 959 1850 ut
981 1793 1119 1850 aestimes
1143 1799 1248 1850 nostro
1270 1791 1396 1867 pecnnia
1418 1808 1520 1848 maroa
1543 1790 1611 1846 161

287 1895 326 1952 ad
351 1897 376 1952 1.
390 1894 474 1969 31³),
498 1913 551 1970 pro
567 1894 767 1971 postulatione
782 1893 927 1952 advocato
944 1894 1058 1954 solutas
1074 1911 1142 1952 esse
1165 1913 1202 1952 m.
1221 1893 1249 1952 9.
1263 1892 1301 1951 69
1325 1893 1362 1950 ad
1380 1893 1406 1951 6.
1424 1893 1474 1952 56.
1511 1891 1537 1950 E
1553 1909 1612 1948 eon·

287 1998 379 2054 trario
401 1995 480 2073 qnod
503 1996 591 2054 modo
614 1997 844 2056 memoravimus
866 1997 896 2053 in
920 1997 1131 2054 constitutione
1152 1995 1222 2054 anni
1238 1995 1299 2054 445
1321 1995 1413 2053 tritici
1434 1992 1549 2052 modios
1564 1991 1612 2050 XL

288 2099 385 2158 solido
412 2099 615 2175 aequiparari,
643 2103 669 2157 si
696 2098 733 2155 ad
761 2099 836 2156 baec
862 2099 974 2158 referre
1002 2099 1116 2168 licebit,
1144 2097 1260 2156 solidus
1288 2097 1435 2173 (pendens
1463 2113 1508 2171 gr.
1524 2097 1551 2152 4.
1567 2095 1611 2168 55)

287 2220 353 2260 cum
375 2200 467 2260 faciat
488 2200 550 2260 fere
572 2201 716 2278 pecuniae
738 2213 860 2260 nostrae
882 2219 999 2260 marcas
1029 2198 1075 2258 12.
1093 2200 1121 2270 7,
1151 2219 1207 2275 pro
1230 2197 1434 2275 postulatione
1457 2197 1556 2256 solnta
1575 2208 1612 2254 est

288 2322 389 2363 marca
410 2303 473 2362 fere
495 2321 554 2360 una
576 2323 640 2362 oum
664 2303 796 2362 dimidia.
834 2301 924 2375 Quod
946 2303 1095 2380 significat
1111 2301 1290 2360 Ammianus
1312 2300 1541 2375 (28‚1‚13)in
1557 2317 1612 2356 nar·

288 2407 390 2465 randis
416 2406 505 2465 rebus
532 2407 625 2482 gestis
652 2407 682 2464 in
708 2405 811 2463 Africa
840 2424 866 2462 a.
888 2405 946 2464 368
976 2405 1108 2462 modium
1136 2404 1226 2462 tritici
1253 2404 1284 2462 in
1310 2403 1426 2461 vilitate
1451 2402 1510 2458 emi
1537 2399 1611 2459 solid

288 2519 373 2586 parte
399 2509 564 2578 tricesima,
593 2509 624 2566 in
645 2507 768 2566 caritate
792 2506 881 2565 solidi
908 2517 992 2582 parte
1019 2506 1147 2576 decima,
1174 2525 1210 2564 eo
1237 2525 1342 2582 parum
1373 2503 1609 2572 adiuramnmfit

288 2619 386 2670 autem
409 2611 536 2687 pretium
558 2610 690 2686 quinque
712 2609 878 2668 modiorum
902 2609 1064 2668 secundum
1086 2608 1170 2667 illam
1190 2607 1444 2686 computationem
1459 2624 1610 2666 marcarum

287 2713 350 2772 fere
372 2713 508 2786 duarum,
531 2711 694 2772 secundum
716 2713 794 2770 hano
815 2730 983 2770 marcarum
1005 2711 1122 2770 circiter
1144 2727 1209 2769 aex.

348 2946 371 3010 ¹)
391 2949 468 2998 Errat
486 2948 669 3012 Doerpieldins
689 2945 785 3010 (111111.
805 2948 848 2998 des
867 2944 937 2998 ureb.
958 2944 1023 2997 Istat.
1043 2948 1069 2996 1η
1087 2943 1171 2996 ΑσΙιση
1189 2945 1240 2994 vol.
1256 2946 1271 2994 8
1298 2961 1324 3008 p.
1338 2944 1403 3007 352)
1428 2960 1535 2995 censens
1553 2944 1614 2993 Itali·

289 3056 346 3090 cnm
366 3041 471 3105 pedem,
491 3055 549 3090 eum
569 3042 665 3090 scilicet
684 3057 759 3106 quem
778 3049 895 3091 auctores
915 3041 1006 3089 aetatis
1025 3039 1205 3103 imperatoriae
1224 3038 1338 3087 maxima
1357 3037 1450 3088 Graeci
1471 3052 1502 3087 co
1522 3037 1615 3086 nomine

288 3134 428 3198 appellant,
449 3133 551 3184 differre
570 3133 721 3184 allomano.
752 3133 889 3183 Africanus
907 3129 963 3200 περὶ
981 3127 1074 3198 μέτρων
1087 3127 1128 3180 nal
1141 3127 1263 3197 σταθμῶν
1276 3144 1310 3179 ex
1323 3132 1475 3180 recensione
1484 3127 1614 3180 Dncbesrii

288 3222 426 3288 (rne'moirea
444 3241 488 3275 eur
506 3241 553 3275 une
571 3225 673 3276 mirsion
693 3242 726 3276 αη
744 3232 811 3275 ηηοη1
824 3221 905 3274 Athos
924 3241 948 3288 p.
962 3223 1024 3285 185)
1044 3239 1101 3274 cum
1119 3223 1170 3273 ait:
1190 3219 1330 3293 σῇΑττικῇ
1350 3218 1479 3292 (δραχμῇ)
1499 3217 1615 3291 xpianis

216 3295 218 3302 Α
290 3310 434 3386 ..ἐπείπερ
455 3306 605 3385 ἶσοδᾶναμᾶς
625 3315 692 3367 1στιν
710 3315 751 3368 xul
771 3312 918 3373 ἰσοστάσιος
935 3315 967 3386 τῇ
983 3312 1107 3386 Ἰταλικῇ,
1129 3302 1143 3376 ἥ
1162 3315 1277 3364 κηλεῖται
1298 3309 1421 3381 δηνάριον,
1442 3315 1487 3364 rix
1507 3313 1616 3376 cogitarit

291 3409 323 3458 de
342 3411 478 3460 stateribus
499 3411 647 3475 Campanis.

347 3498 372 3563 ¹)
395 3501 534 3568 Operarius
557 3503 665 3552 rusticus
689 3503 766 3552 bodie
791 3504 817 3552 in
843 3503 921 3553 Italia
943 3502 970 3551 in
993 3501 1127 3565 provincia
1150 3499 1272 3550 Comensi
1298 3499 1415 3564 accipere
1438 3497 1506 3548 solet
1531 3506 1616 3548 assate

288 3593 350 3643 liras
370 3595 395 3656 2,
416 3595 501 3644 hieme
520 3595 582 3645 liras
603 3597 665 3645 1.50
685 3595 798 3646 diurnas.
833 3595 913 3660 Apud
932 3599 1059 3644 nostrates
1079 3608 1172 3657 operae
1191 3591 1302 3642 rusticae
1321 3605 1380 3642 raro
1401 3591 1434 3640 ad
1453 3606 1555 3641 mareas
1573 3589 1617 3638 sin·

288 3686 361 3750 gulas
380 3686 485 3737 diurnas
504 3688 672 3738 adscendunt.

347 3777 372 3840 ³)
394 3777 449 3829 Der
461 3777 536 3829 Prsia
555 3779 599 3829 dea
612 3777 825 3846 Doppeloentners
843 3777 969 3829 schwereo
979 3775 1099 3838 ll’eirena,
1120 3776 1209 3826 scribit
1219 3775 1380 3839 Boeckbius,
1401 3772 1545 3825 soluankm
1556 3769 1615 3822 rsit

290 3869 328 3920 bia
349 3869 419 3922 1881
439 3873 466 3921 in
484 3869 574 3922 Berlin
592 3869 715 3922 zwisalten
736 3867 816 3921 1828
841 3870 893 3920 ηηᾶ
912 3867 995 3920 26268
1008 3867 1100 3928 Μασ1·;
1124 3869 1208 3918 ηη“ηηη1
1230 3885 1288 3917 mun
1304 3867 1354 3932 jrir
1379 3865 1428 3917 ἄασ
1448 3865 1560 3918 Gentem
1582 3862 1618 3911 ἄεσ

288 3961 445 4014 Heltoliters
464 3962 687 4014 darrclaoluitlliclr
707 3961 743 4012 83
755 3961 921 4030 Jt'r'loqramm,
942 3979 969 4014 co
989 3959 1085 4028 erpt'ebt
1102 3958 1155 4010 sict
1167 3959 1218 4025 seir
1235 3959 1282 4009 ἄση
1303 3957 1407 4010 Medius
1425 3959 1466 4009 ein
1486 3957 1561 4008 Pseu
1577 3971 1616 4004 res

290 4053 352 4105 1.31
373 4055 411 4106 bia
431 4055 493 4106 lat
506 4055 591 4106 trare.
633 4053 709 4106 Nuolr
730 4055 777 4105 ἄση
795 4056 843 4104 mir
862 4071 910 4104 oon
929 4053 975 4104 der
998 4051 1167 4103 atansbbclen
1189 4050 1425 4102 Generaldireetr'on
1449 4053 1476 4100 a'n
1495 4050 1558 4101 Rorn
1581 4063 1615 4112 92·-

282 4147 390 4214 fattiprt
408 4147 585 4214 mityetleilten
603 4145 728 4214 Anqaben
746 4146 887 4198 schwanlte
906 4147 933 4196 in
952 4143 1083 4196 desselben
1101 4142 1201 4194 Jetren
1220 4142 1266 4194 der
1283 4141 1428 4194 Heltolr'ter
1442 4141 1541 4192 Weiaen
1561 4141 1616 4202 ltro-

289 4247 376 4290 mento
395 4241 500 4306 gentile)
527 4241 554 4290 in
575 4237 675 4291 Verona
698 4239 819 4290 zwisalten
842 4235 926 4290 21117
948 4237 1000 4288 arad
1025 4233 1118 4298 1925,
1146 4237 1173 4285 in
1191 4233 1301 4286 Florenz
1328 4234 1451 4286 mausolea
1470 4230 1554 4284 30118
1574 4227 1618 4278 nal

289 4327 371 4380 2284
390 4329 453 4380 Lire
475 4330 553 4392 Gota-
579 4330 680 4382 dannot
700 4331 767 4382 stellt
785 4329 838 4380 siet
849 4330 900 4394 srir
919 4329 965 4380 ἄση
985 4327 1089 4378 Modlus
1107 4327 1152 4378 der
1172 4325 1247 4378 Prote
1266 4325 1331 4378 nuel
1351 4326 1399 4378 ἄση
1417 4324 1553 4377 l'eroneser
1571 4324 1615 4372 aa·

289 4425 373 4474 eritrea
391 4421 513 4474 σισὶσσήση
531 4419 597 4474 229
615 4423 667 4474 und
686 4421 757 4486 1.66‚
778 4421 842 4472 nacla
862 4421 908 4472 ἄση
922 4419 1084 4472 Florentiner
1102 4418 1224 4471 :uiscben
1243 4415 1308 4469 263
1327 4417 1379 4469 ηηᾶ
1393 4416 1456 4469 197
1475 4416 1537 4469 Lire
1559 4412 1602 4462 tili
1608 4409 1616 4456 l

291 4514 351 4565 oder
369 4515 427 4567 dort
445 4513 568 4567 zwisolten
587 4493 650 4566 1.8'5
669 4514 721 4566 und
740 4513 811 4577 1.·24,
832 4512 886 4565 dier
905 4513 1028 4565 zwisalten
1046 4508 1110 4564 212
1128 4511 1180 4564 ηηᾶ
1200 4509 1263 4562 1-68
1274 4508 1361 4562 Mart
