3544 5932
113 601 140 652 15
687 603 889 655 uncrinus.
1407 583 1449 656 11

114 761 143 832 di
162 765 211 832 nal
234 767 336 857 idpsia
358 764 613 834 κατοπκενοίκαπον
635 767 791 858 ίροίξπντος
812 771 886 834 πολι)
908 769 1014 842 βάθος
1034 767 1082 834 uni
1097 775 1128 834 ἐκ
1142 778 1195 834 τῶν
1210 767 1341 858 οὐρανίων
1356 767 1455 860 καίπερ

115 863 198 934 lirun
214 868 345 932 οππνίων
362 867 439 946 iaec
454 871 614 957 δεξαμενὰς
628 869 800 948 πεποίηνται.
832 880 1001 958 Xenophon
1017 879 1169 958 Ephesius
1186 881 1214 952 4,
1232 878 1266 938 2:
1289 879 1328 940 οἷς
1342 869 1456 938 Κίπτον

115 968 250 1062 ἕξχοντπο
274 971 451 1036 ...ataid
473 973 531 1062 ‘peip
552 975 670 1050 πλῆθος
691 974 815 1064 ε’μπίοων
836 973 867 1038 ri
892 976 1018 1038 δοοδοοῗον
1039 971 1072 1050 ἦν
1092 983 1148 1039 τῶν
1172 1005 1203 1038 το
1229 977 1277 1038 ἔπ’
1299 973 1456 1040 Αἰθιοπίαν

120 1071 166 1138 καί
186 1082 241 1137 τοῖν
264 1069 446 1150 ἔπί’1νδικῆν
470 1071 638 1153 pauciorum
668 1082 785 1142 Plinius
797 1084 824 1142 h.
839 1103 866 1142 n.
881 1084 908 1155 5,
922 1083 950 1154 ⁴2,
964 1082 1018 1142 60:
1046 1081 1149 1160 Coptos
1165 1083 1331 1142 Indicarum
1347 1083 1455 1142 Arall-

119 1202 271 1259 carumque
293 1187 428 1241 mercium
444 1183 515 1240 Nilo
533 1189 693 1258 prosimum
715 1189 876 1262 emporium.
920 1185 947 1258 u,
965 1183 1013 1256 23,
1032 1183 1105 1242 102:
1129 1205 1148 1242 a
1164 1185 1252 1261 Copto
1269 1187 1383 1242 earuelis
1399 1189 1457 1243 itur

121 1290 307 1362 aquationum
329 1287 440 1342 ratione
462 1286 652 1345 mansionibus
675 1288 839 1362 dispositis:
859 1290 957 1362 prIma
977 1287 1143 1362 appellatur
1157 1269 1456 1362 Hydreuma—XXII}

121 1389 246 1448 secunda
267 1391 299 1443 in
322 1397 414 1444 monle
437 1389 495 1444 clici
515 1391 630 1446 itinere.-
651 1391 734 1446 tertia
757 1393 786 1446 in
808 1389 898 1448 altero
913 1389 1108 1463 llpdreumate
1130 1407 1148 1445 u
1172 1370 1459 1463 Copto—[XXXV.-

123 1491 221 1548 dmade
243 1493 275 1546 in
296 1498 404 1546 monte:
426 1509 491 1546 rnoa
512 1490 552 1546 ad
566 1490 734 1565 Hydreuma
749 1489 896 1566 Apollinis
911 1509 929 1546 a
947 1491 1035 1565 Copto
1045 1474 1289 1550 BBXXXIIII:
1313 1507 1412 1548 rursus
1427 1491 1457 1546 ia

123 1603 227 1650 nante:
249 1610 316 1648 moa
337 1592 379 1650 ad
396 1610 497 1648 nocam
512 1591 682 1666 Hydreuma
696 1613 715 1650 a
734 1591 823 1668 Copto
841 1575 972 1652 CCXX}
993 1603 1034 1652 est
1048 1603 1074 1652 ct
1088 1594 1172 1652 aliud
1185 1593 1354 1668 Hydreuma
1369 1600 1456 1660 cetus,

129 1695 346 1768 Tropodpticum
373 1693 563 1769 appellatum,
596 1693 646 1751 ubi
674 1696 855 1769 praesidium
882 1697 999 1754 exerebat
1026 1694 1197 1754 deuerticulo
1227 1696 1312 1752 duum
1339 1693 1458 1764 milium,

126 1797 210 1854 distat
232 1814 252 1852 a
267 1813 340 1852 noco
355 1795 551 1870 Hydreumate
568 1778 649 1852 i'n':
671 1797 735 1854 inde
751 1796 887 1856 Berenice
907 1799 1053 1873 oppidum,
1075 1797 1124 1853 ubi
1135 1806 1238 1872 portus
1253 1796 1346 1853 Rubri
1360 1797 1459 1864 maris,

128 1897 247 1973 aCopto
264 1880 343 1956 C‘CL
352 1881 416 1954 VII
423 1916 454 1970 p.
488 1897 676 1955 ltinersrium
693 1899 838 1956 Antonini
861 1919 890 1976 p.
907 1899 960 1956 171
979 1899 1175 1974 similiterque
1191 1897 1458 1974 Peutingeranum:

132 1999 252 2074 aCopto
271 1999 435 2056 Berenicen
456 2017 545 2073 usque
566 2018 601 2056 m.
621 2017 653 2074 p.
673 1997 754 2056 CCL
763 2000 846 2058 l⁷lII
863 2005 919 2059 sic:
942 2045 949 2060 .
966 2043 973 2058 .
991 2042 999 2058 .
1018 2001 1152 2077 Compasi
1175 1999 1337 2074 (Conposin
1357 1997 1459 2072 Peut.)

138 2100 351 2176 ...Apollonos
368 2131 406 2142 —
424 2100 560 2158 XXVII
573 2133 612 2143 —
632 2099 752 2159 Cabalsi
773 2099 893 2176 (Cabau
908 2102 1018 2176 Pecu).
1042 2135 1079 2146 -
1097 2101 1232 2160 XXVII
1246 2130 1283 2142 -
1302 2101 1395 2158 Cenon
1411 2099 1460 2174 lp-

139 2204 240 2261 dreuaa
255 2235 299 2245 —
318 2201 353 2259 X
361 2201 440 2260 VIII
453 2233 491 2244 —
507 2202 675 2260 Berenicen.
705 2201 806 2273 Lucci,
828 2203 942 2262 scilicet
963 2205 1109 2263 cisternae
1124 2221 1258 2279 magnae,
1281 2201 1344 2260 sive
1362 2191 1458 2279 ὑδρεί-

133 2326 202 2370 μοπο
222 2313 393 2374 auctorum,
415 2323 481 2360 cum
503 2305 540 2362 ab
562 2303 668 2363 iisdem
690 2305 740 2380 qui
764 2323 840 2382 opus
864 2307 1037 2381 primarium
1060 2306 1192 2363 iecerunt
1206 2303 1348 2362 militibus
1371 2302 1460 2360 labri·

131 2406 184 2463 cati
205 2406 268 2464 sint
290 2411 353 2462 tsm
376 2403 406 2462 in
426 2406 569 2480 portubus
585 2406 701 2466 duobus
716 2406 889 2466 Berenicide
904 2417 933 2466 et
948 2407 1133 2484 Myoshormi
1149 2425 1236 2482 quam
1252 2405 1283 2464 in
1298 2403 1462 2462 mansioni-

130 2507 181 2566 bus
203 2507 323 2565 duabus
344 2507 412 2564 vise
428 2503 525 2582 Copto
541 2507 756 2580 Berenicidem,
779 2509 947 2584 Apollonos
969 2519 1000 2568 et
1015 2507 1167 2584 Compasi,
1190 2507 1362 2583 primarium
1385 2522 1461 2580 opus

130 2609 199 2666 illud
222 2609 336 2666 inerint
359 2625 481 2666 necesse
503 2618 548 2668 est
576 2610 639 2668 viae
666 2610 742 2668 duae
770 2629 788 2667 a
810 2609 881 2668 Nilo
910 2610 1052 2669 ducentes
1080 2610 1118 2668 ad
1146 2617 1249 2686 portus
1277 2607 1353 2666 duos
1380 2607 1461 2666 sinus

132 2709 259 2768 Arabici.
304 2709 367 2768 Eas
388 2711 479 2786 igitur
500 2711 564 2768 vias
586 2711 743 2787 Augustus
766 2711 879 2780 reiecit,
903 2713 1013 2788 pariter
1035 2722 1124 2788 atque
1147 2729 1236 2786 opere
1258 2710 1381 2768 militari
1400 2709 1462 2767 Nili

134 2813 228 2870 lassas
244 2812 387 2887 purgavit
406 2809 581 2886 (Suetonius
596 2815 675 2889 Aug.
695 2814 747 2884 18;
771 2814 808 2872 ci.
824 2813 884 2872 Dio
901 2816 949 2886 51,
969 2813 1030 2888 18).
1064 2812 1187 2872 Titulus
1203 2820 1300 2869 antem
1316 2811 1464 2868 eiusmodi

134 2915 230 2991 operis
255 2914 318 2972 alio
340 2913 407 2971 loco
430 2913 511 2971 nullo
534 2914 675 2973 collocari
698 2916 797 2992 potnit
821 2933 910 2992 quam
938 2915 969 2973 in
998 2915 1095 2991 capite
1123 2915 1238 2971 viarum
1265 2912 1405 2982 duarum,
1434 2911 1465 2970 id

134 3025 177 3074 est
203 3013 307 3090 Copti.
355 3012 461 3090 Neque
488 3015 637 3090 perspicio
664 3036 717 3075 cur
743 3017 954 3092 Desjardinins
983 3017 1026 3092 (p.
1048 3015 1122 3091 218)
1156 3022 1269 3074 statuat
1297 3033 1365 3070 eum
1393 3013 1463 3071 olim

134 3117 304 3194 prostitisse
330 3117 362 3172 in
388 3115 490 3192 aliqua
515 3119 702 3176 mansionum
726 3137 843 3190 earum,
877 3119 928 3177 ubi
955 3117 1055 3176 laccos
1082 3136 1115 3175 se
1147 3117 1257 3176 iecisse
1290 3115 1400 3174 milites
1433 3115 1463 3172 in

134 3219 266 3278 auctario
289 3217 437 3288 scribunt,
466 3227 495 3276 et
516 3217 584 3275 inde
607 3217 735 3296 Captum
759 3221 859 3278 nescio
882 3219 1031 3296 quomodo
1054 3219 1186 3277 adlatum
1214 3235 1295 3288 esse;
1324 3236 1382 3274 non
1410 3215 1464 3292 hy-

136 3321 296 3378 dreumetis
317 3319 472 3377 cniusdam
495 3320 611 3378 titulum
636 3340 691 3380 nos
708 3331 848 3396 tenemus,
873 3323 925 3380 sed
948 3321 1078 3380 universi
1101 3321 1212 3398 operis,
1235 3321 1318 3378 cuius
1338 3317 1464 3396 hydreu-

135 3431 213 3480 mate
235 3423 383 3497 illapsus
406 3428 519 3480 tantum
542 3434 571 3481 et
592 3424 714 3498 sequela
735 3425 862 3484 fuerunt.

174 3523 286 3584 Castra
307 3541 426 3598 quoqne
450 3521 536 3599 Copti
559 3525 639 3584 fecta
661 3527 819 3584 santuine
840 3525 998 3596 tutandse3
1032 3543 1100 3582 num
1123 3523 1203 3600 quod
1226 3523 1334 3598 legitur
1360 3522 1389 3579 in
1413 3521 1465 3578 ad·

136 3626 298 3684 ditamento
319 3625 414 3682 altero
438 3636 563 3684 cestram
584 3629 801 3702 aedificaverunt
822 3639 847 3686 et
873 3631 1029 3703 refecerunt
1058 3627 1125 3684 loco
1153 3643 1212 3683 non
1237 3625 1405 3693 enuntiato,
1435 3623 1465 3680 in

137 3728 219 3785 titulo
235 3725 327 3801 Copti
349 3727 472 3785 invento
494 3729 559 3786 sine
582 3727 673 3786 dubio
697 3729 845 3803 significat
867 3738 966 3787 castre
988 3729 1041 3786 illa
1062 3747 1098 3785 eo
1121 3727 1189 3803 ipso
1209 3727 1276 3784 loco
1292 3725 1371 3782 fucta
1386 3741 1463 3782 esse.

138 3826 251 3901 Quibus
273 3827 368 3905 copiis
391 3829 561 3902 laetasint,
585 3848 623 3886 ex
646 3828 730 3886 titulo
752 3848 810 3886 non
833 3831 1031 3906 intellegitur3
1060 3829 1190 3886 sortasse
1213 3827 1326 3885 cohorti
1349 3825 1465 3883 cuidam

137 3930 322 3999 auxiliariae,
345 3949 412 3988 nam
436 3929 617 4005 legionariae
640 3931 676 3988 ad
700 3931 880 4004 praetorium
904 3932 964 3989 iere
987 3931 1198 3988 retinebantur.
1242 3931 1390 3986 Auctores
1414 3927 1466 4002 qui

137 4041 298 4107 supersunt
319 4037 485 4090 castrorum
501 4029 728 4108 Coptitanorum
752 4034 925 4091 memoriam
948 4033 1061 4090 nullam
1085 4039 1242 4090 servarunt
1264 4047 1358 4105 neque
1377 4049 1416 4085 ex
1430 4047 1466 4084 eo

137 4134 200 4191 solo
229 4133 308 4191 tituli
336 4133 463 4190 militum
490 4133 545 4191 ulli
571 4133 745 4210 prodierunt
773 4135 830 4192 hoc
859 4145 994 4211 excepto.
1049 4131 1165 4206 Quarto
1199 4133 1317 4189 demum
1345 4130 1466 4188 saeculo

136 4245 262 4294 exeunte
284 4234 326 4291 ibi
348 4233 506 4292 stationem
528 4235 679 4293 habebant
700 4235 780 4312 legio
799 4235 814 4292 I
831 4235 1043 4294 Valentiniana
1063 4243 1093 4292 et
1114 4234 1229 4311 equites
1252 4231 1400 4308 sagittarii
1422 4231 1466 4288 in-

137 4335 260 4411 digenae
284 4333 369 4411 (Not.
385 4335 475 4410 Dign.
492 4334 544 4393 Or.
561 4338 610 4408 31,
628 4337 676 4394 26.
694 4335 759 4412 36).

176 4436 235 4498 Sed
258 4437 348 4514 longe
369 4436 580 4512 gravissimam
602 4447 662 4508 est,
692 4437 771 4514 quod
798 4439 876 4496 tituli
905 4439 1108 4514 patefecerunt
1133 4439 1283 4514 legionum
1304 4436 1467 4514 Aegyptia·

135 4559 236 4597 caram
260 4539 465 4598 condicionem
487 4539 664 4614 peculiarem
693 4549 722 4597 et
744 4541 781 4598 ab
807 4541 845 4598 iis
871 4550 950 4598 certe
975 4559 1051 4615 quae
1078 4541 1108 4598 in
1131 4539 1305 4598 Occidentis
1332 4537 1467 4613 partibus

135 4641 298 4698 tendebant
319 4641 407 4714 plane
428 4640 586 4699 diversam.
632 4640 849 4700 Demonstrnnt
870 4661 935 4700 enm
959 4661 1035 4718 quse
1057 4641 1292 4717 subscripsimus
1318 4660 1356 4697 cx
1379 4639 1468 4696 lutor·

135 4743 202 4799 culo
224 4751 371 4818 excerpta
391 4741 429 4798 ad
451 4742 581 4817 origines
604 4743 732 4799 militum
756 4743 887 4819 digesta,
914 4744 1023 4820 quibus
1046 4744 1232 4818 interponere
1255 4742 1366 4817 placuit
1392 4757 1468 4815 quae

136 4853 292 4918 praeterea
318 4843 509 4900 innotuerunt
537 4843 574 4900 de
603 4843 740 4901 domibus
773 4844 897 4901 militum
932 4845 1082 4923 legionum
1115 4845 1238 4902 duarum
1269 4843 1300 4900 in
1328 4843 1468 4916 Aegypto

136 4944 364 5003 consistentium
391 4943 429 5000 sd
451 4943 574 5002 Traiani
602 4963 698 5019 nsque
725 4952 874 5022 tempora,
900 4947 929 5002 id
957 4955 1004 5005 est
1030 4947 1077 5004 lll
1101 4945 1298 5024 Cyrenaicae,
1325 4942 1468 5018 quamdiu

137 5065 172 5104 es
192 5047 223 5103 in
245 5047 387 5121 Aegypto
410 5055 507 5104 castra
528 5045 641 5118 habuit,
665 5055 695 5104 et
715 5045 813 5104 XXll
836 5046 1058 5106 Deiotarianae.
1103 5047 1268 5106 Omisimus
1291 5066 1350 5102 non
1373 5043 1468 5100 solum

137 5148 303 5221 praefectos
325 5156 356 5205 et
378 5147 513 5204 tribunos
535 5148 672 5219 militum,
695 5147 860 5206 sedetiam
884 5150 1084 5222 centuriones;
1107 5170 1175 5208 nem
1199 5167 1250 5206 cos
1273 5153 1390 5205 constat
1409 5164 1468 5202 noir

139 5249 238 5306 eadem
262 5249 327 5327 lege
348 5249 445 5307 lectos
468 5266 534 5306 esse
556 5257 645 5324 etque
667 5247 812 5325 gregales.
