3444 5932
437 599 1039 654 onsunvsmonuserteneburcsn.
1334 582 1404 654 135

94 773 281 834 Constantinus
310 773 458 844 abolevit,
491 783 592 849 aperte
614 774 762 844 lecerunt,
795 774 934 849 quonism
963 775 1162 850 praetorianis
1191 793 1293 834 carere
1319 784 1404 852 pote-

92 887 144 934 rant
163 887 276 953 propter
299 881 505 951 protectores;
526 895 593 934 nam
618 876 681 951 pari
704 876 772 934 loco
795 876 911 950 utrique
933 885 1003 934 sunt
1024 893 1083 934 non
1105 875 1201 934 solum
1222 895 1257 934 eo
1272 878 1401 950 nomine,

90 979 153 1053 qnod
165 977 292 1054 corporis
308 977 455 1036 custodia
477 977 619 1054 principis
643 987 702 1034 tatu
726 976 921 1051 praetorianis
937 977 1126 1036 incumbebat
1147 995 1234 1052 quam
1252 987 1400 1055 protecto·

89 1081 162 1148 ribus,
180 1079 229 1136 sed
250 1079 319 1138 item
343 1089 471 1156 propter
492 1079 617 1154 originis
640 1079 806 1154 paritatem.
848 1075 968 1136 Scilicet
989 1097 1055 1136 curn
1078 1099 1097 1136 a
1119 1076 1231 1138 Severo
1253 1080 1323 1138 iude
1344 1081 1399 1138 mi-

87 1181 141 1240 lites
160 1180 221 1238 lecti
241 1200 277 1238 ex
301 1180 471 1256 legionibus
492 1180 522 1237 in
546 1181 726 1254 praetorium
746 1179 985 1250 transferrentur,
1007 1181 1038 1238 id
1054 1181 1150 1256 ipsum
1166 1181 1196 1238 in
1212 1189 1397 1257 protectores

87 1301 183 1358 quoque
201 1282 286 1340 cadit.
326 1281 434 1356 ltaque
456 1283 531 1340 inter
553 1281 656 1339 titulos
680 1281 933 1355 praetorianorum
949 1299 1026 1356 quos
1042 1281 1186 1340 habemus
1203 1283 1253 1357 qui
1269 1283 1399 1342 fortasse

86 1383 280 1443 recentissimus
302 1394 353 1443 est
375 1381 479 1454 e.v1,
497 1381 576 1442 2759
600 1383 701 1440 militis
723 1383 877 1440 cuiusdam
900 1387 971 1440 corti
987 1383 1022 1440 X
1036 1387 1170 1458 pretorio,
1197 1389 1246 1458 qai
1267 1384 1398 1442 militabit

87 1485 173 1560 bainus
191 1485 323 1546 blesiaco
346 1483 411 1560 (XI
433 1482 592 1558 Claudiai)
615 1483 729 1558 onu(i)s
749 1483 781 1554 V,
808 1487 879 1541 inter
901 1484 1056 1543 lonciurios
1077 1488 1161 1543 oanis
1183 1483 1247 1556 XI,
1274 1489 1304 1544 iu
1327 1504 1395 1561 pre·

86 1586 261 1662 1111111111]
288 1627 344 1656 ...‚
373 1605 439 1644 eum
462 1604 521 1642 uon
543 1585 718 1644 mirabimur
738 1585 875 1661 proxime
897 1587 1037 1644 accedere
1058 1587 1095 1643 ad
1119 1605 1210 1663 supra
1232 1587 1394 1646 recensitos

86 1699 264 1762 protectorum.
301 1686 385 1760 Quid
402 1686 481 1763 quod
496 1687 624 1746 fortasse
640 1705 699 1744 non
715 1703 786 1744 casu
802 1687 919 1759 accidit,
941 1687 1023 1763 quod
1037 1687 1158 1745 eaedem
1173 1689 1233 1746 fere
1249 1689 1392 1764 legiones,

85 1809 141 1865 quae
163 1791 190 1848 in
213 1791 269 1848 hoc
293 1789 384 1848 titulo
410 1797 595 1864 comparent,
624 1788 712 1846 etiam
739 1795 924 1864 protectores
950 1789 1019 1848 illos
1046 1789 1202 1860 dederunt,
1232 1798 1262 1846 nt
1287 1809 1326 1848 err
1352 1791 1391 1847 iis

86 1893 211 1968 praecipue
238 1889 474 1950 Constantinum
500 1890 630 1948 conicias
657 1890 784 1964 primum
813 1890 1035 1965 praetorianos,
1067 1890 1175 1950 deinde
1207 1901 1390 1966 protectores

89 1993 223 2052 adstitisse.
262 1991 335 2051 Hoc
360 1992 455 2052 solum
477 1992 567 2068 igitur
589 1991 713 2048 mutavit
733 2001 852 2068 praeter
872 2009 990 2062 nomen,
1014 1991 1094 2066 quod
1114 2010 1180 2050 cum
1196 2001 1283 2050 antea
1298 1993 1391 2068 legio-

92 2093 141 2150 narii
156 2111 315 2170 pancorum
342 2092 556 2170 stipendiorum
579 2094 608 2150 in
632 2092 813 2169 praetorium
841 2093 1127 2168 transferrentur¹)‚
1156 2093 1214 2151 iam
1242 2093 1391 2168 stipendia

92 2195 136 2268 plus
151 2197 239 2256 miuus
261 2195 376 2272 viginti
399 2195 634 2270 requirebantur.
664 2225 701 2236 -
729 2195 776 2252 Ita
797 2194 877 2270 quod
900 2196 1101 2272 supraposui
1128 2194 1277 2254 sublatum
1304 2213 1389 2270 prae·

90 2295 729 2356 111110111111111115111111111111115
756 2313 822 2354 cum
848 2295 992 2353 institutis
1020 2297 1068 2354 vel
1095 2297 1193 2372 potius
1219 2295 1389 2353 reformatis

85 2399 275 2470 protectoribus,
300 2397 410 2456 videor
430 2397 503 2455 mibi
527 2397 601 2456 satis
624 2397 866 2472 comprobavisse
888 2407 918 2454 et
934 2397 977 2454 rei
993 2397 1129 2456 militaris
1145 2398 1388 2456 reformationem

83 2495 340 2559 Consmntiniauam
363 2500 405 2558 ita
425 2499 615 2574 aliquatenus
637 2499 845 2558 elucidavisse.

111 2600 200 2660 Restat
223 2603 325 2660 altera
352 2618 444 2660 causa
470 2601 648 2674 protectoris
675 2599 795 2658 creandi
821 2599 851 2657 in
877 2600 943 2676 lege
958 2598 1177 2672 Valentiniani,
1204 2619 1278 2675 quae
1301 2601 1385 2658 varia

82 2700 161 2760 itinere
180 2705 214 2760 ad
236 2711 475 2779 protectoratnm
497 2701 634 2760 ducentia
654 2702 781 2776 ingenue
803 2701 961 2760 admodum
978 2701 1119 2774 declarat,
1143 2703 1184 2760 ita
1207 2703 1385 2778 significata,

81 2814 103 2859 ot
122 2806 331 2878 protectoribus
353 2805 502 2862 ueteranis
524 2813 713 2881 opponantur
739 2812 924 2879 protectores
946 2803 1017 2862 lacti
1038 2804 1083 2860 cel
1104 2804 1243 2878 soffronio
1264 2803 1309 2862 oei
1331 2823 1384 2878 po-

80 2909 143 2963 tatio
159 2908 200 2966 uel
219 2909 334 2983 pretio.
368 2903 472 2963 Potuit
486 2904 556 2963 addi
571 2906 614 2962 ccl
628 2905 773 2962 natalibus
779 2924 787 2974 ;
810 2903 1004 2962 1511511364
1020 2905 1086 2982 lege
1108 2903 1158 2978 (C.
1169 2905 1226 2962 Th.
1240 2905 1269 2974 6,
1286 2903 1335 2976 st,
1351 2905 1382 2980 2)

78 3017 182 3066 eructum
204 3018 262 3079 est,
293 3017 328 3064 ut
349 3006 578 3064 domesticorum
601 3005 655 3064 lilii
677 3017 706 3063 et
728 3005 888 3082 propinqui
911 3005 1079 3082 impuberes
1103 3006 1203 3064 stetim
1231 3007 1308 3064 inter
1330 3008 1383 3064 do·

77 3109 188 3168 uesticos
212 3111 401 3168 referrentur
427 3107 528 3182 itaque
554 3107 633 3165 iusta
658 3115 754 3164 aetate
780 3107 905 3182 impleta
936 3107 992 3165 hoo
1023 3106 1090 3164 loco
1119 3106 1290 3166 militarent.
1335 3109 1382 3166 Ad

75 3207 96 3262 id
120 3229 202 3286 genus
235 3228 336 3285 snpra
371 3209 539 3268 rettulimus
571 3207 767 3266 Maximinum
801 3207 917 3268 Galerii
951 3205 1092 3266 Caesaris
1129 3208 1241 3266 sororis
1278 3209 1381 3268 tilium.

75 3307 281 3372 AConstantio
302 3311 372 3369 inde
393 3309 532 3387 exempla
553 3309 718 3381 abundant,
744 3317 903 3386 propterea
929 3319 1044 3368 tautum
1067 3309 1188 3385 opinor,
1216 3309 1295 3384 quod
1317 3313 1381 3370 eius

75 3413 159 3470 estatis
178 3433 224 3474 res
254 3422 361 3490 gestae
387 3412 477 3487 longe
506 3412 672 3470 accuratius
698 3421 727 3468 et
748 3411 865 3486 plenius
892 3411 1018 3469 traditas
1045 3410 1188 3470 habemus
1214 3429 1303 3486 quam
1330 3433 1383 3488 per

74 3521 183 3590 tempora
202 3514 387 3575 Diocletiani
409 3522 439 3572 et
459 3511 661 3572 Constantini.
706 3509 764 3585 Qui
787 3512 957 3570 nominatur
977 3513 1015 3570 ab
1039 3511 1197 3570 Ammiano
1220 3514 1267 3581 14,
1292 3513 1338 3584 10,
1363 3513 1380 3570 2

72 3612 99 3668 etl
121 3635 144 3672 e.
162 3617 218 3676 sut
241 3615 427 3675 Horatianus
450 3623 594 3690 protector
616 3615 797 3684 domesticus,
824 3614 1010 3688 Hermogenis
1037 3633 1069 3670 eu
1094 3616 1231 3687 osopistro
1259 3617 1380 3688 equiturn

67 3714 130 3786 filius
149 3735 336 3794 nequaquam
362 3735 400 3774 ex
423 3725 564 3774 veterano
592 3723 742 3791 protector
763 3715 858 3772 lactus
881 3725 942 3785 eet,
970 3733 1025 3772 nec
1046 3715 1142 3790 magis
1165 3715 1307 3772 Iovianus
1330 3736 1379 3773 co-

72 3815 134 3874 mitis
156 3819 387 3878 domesticorum
402 3815 582 3874 Varroniani
607 3815 704 3886 tilius,
729 3815 779 3891 qui
806 3825 893 3874 natus
922 3835 949 3874 a.
966 3815 1022 3872 331
1049 3824 1078 3872 et
1104 3833 1131 3872 a.
1149 3814 1206 3872 361
1237 3819 1379 3874 etiamtunc

70 3928 189 3988 protector
209 3922 380 3980 domesticus
408 3917 602 3992 (Ammianus
624 3917 673 3988 21,
693 3917 739 3988 16,
755 3917 807 3989 20)
840 3927 909 3993 post
930 3917 1089 3976 triennium
1118 3917 1245 3992 primum
1271 3917 1301 3974 in
1329 3938 1379 3975 eu·

71 4035 122 4076 rum
139 4021 285 4080 consortio
308 4020 406 4077 locutu
431 4027 532 4078 teuens
555 4019 668 4094 (Amm.
691 4018 739 4088 25,
757 4019 785 4088 5,
804 4019 852 4093 4),
879 4017 964 4076 miles
986 4027 1084 4076 tamen
1107 4019 1259 4076 etiamtum
1283 4019 1378 4091 (Tbe-

70 4119 166 4180 uistins
187 4123 223 4182 ad
246 4121 403 4180 Iovianum
426 4141 456 4198 p.
473 4121 525 4180 66:
548 4109 744 4200 αἰχιιοφέρος)
763 4118 923 4194 imperator
937 4127 1053 4178 creatus
1069 4131 1123 4178 est.
1160 4119 1229 4194 Ipse
1244 4121 1377 4178 Ammia-

72 4255 252 4270 -ss———onn

116 4338 135 4399 ¹)
153 4341 230 4392 Tituli
249 4341 448 4407 legionariorum
474 4339 569 4389 saeculi
589 4339 658 4389 tertii
685 4339 713 4388 in
737 4339 895 4402 praetorium
919 4339 1115 4400 translatorum,
1141 4355 1205 4404 quos
1233 4343 1376 4405 composuit

69 4441 134 4492 nuper
150 4433 228 4483 Oscar
245 4434 323 4483 Bobn
343 4429 414 4494 (tiber
433 4430 474 4480 sls'e
491 4428 595 4481 Heimut
613 4429 658 4480 der
676 4427 853 4480 Prdtoriuner.
891 4429 1007 4480 Beroliui
1029 4431 1098 4481 1⁸83
1119 4447 1144 4495 p.
1161 4431 1213 4493 13),
1235 4433 1376 4496 stipendio·

69 4533 111 4568 ruru
129 4538 241 4575 numeros
260 4524 403 4588 adsumptos
423 4523 520 4573 habent
538 4522 586 4572 hos
605 4523 707 4583 (urbani
726 4528 785 4572 sunt
799 4536 888 4572 omnes
902 4529 928 4570 et
940 4527 1014 4570 sexto
1028 4522 1157 4572 uolumine
1172 4524 1376 4586 comprehensi):

68 4606 101 4657 X:
119 4617 231 4676 nesah
251 4617 304 4666 IX:
325 4632 350 4664 n.
365 4616 451 4675 243st
471 4615 521 4664 VI:
542 4629 567 4664 n.
582 4613 661 4664 2605.
678 4613 756 4662 2672.
773 4615 858 4675 sitm
879 4615 915 4662 V:
936 4629 962 4662 11.
977 4614 1062 4674 2613,
1081 4615 1132 4663 IV:
1153 4629 1179 4662 1.
1196 4615 1275 4663 2185.
1292 4616 1377 4676 1317;

69 4699 217 4758 11:n.tsot
239 4707 282 4769 (ol.
303 4723 329 4756 1.
344 4705 435 4766 2758).
471 4706 558 4769 Ipsam
577 4705 771 4755 translationem
786 4703 902 4754 Bohuins
922 4711 1007 4754 censet
1025 4711 1084 4768 post
1096 4705 1220 4756 Seuerum
1239 4718 1298 4753 raro
1319 4713 1375 4754 tau·

70 4799 112 4842 tum
128 4812 169 4846 usu
188 4800 286 4849 uenisse
304 4799 359 4847 sine
379 4811 471 4860 cansa;
490 4812 550 4848 nam
570 4798 612 4860 qui
633 4811 665 4845 ex
682 4795 774 4846 militie
786 4795 871 4844 minus
885 4795 1009 4846 honorata
1023 4796 1056 4844 ad
1069 4796 1185 4846 altiorem
1198 4795 1305 4858 gradum
1319 4809 1376 4858 per-

70 4897 180 4950 venerunt,
198 4905 381 4955 saepenumero
401 4889 433 4938 de
452 4889 498 4938 ille
515 4889 600 4949 silent,
620 4895 648 4937 ut
666 4887 827 4936 centuriones
846 4887 907 4935 lacti
926 4887 958 4935 de
976 4885 1122 4950 gregalibus
1140 4885 1287 4950 stipendiis;
1311 4886 1372 4934 item

69 4986 168 5030 cremnon
184 4998 240 5032 cnm
259 4987 359 5031 constet
377 4995 467 5030 omnes
485 4981 512 5030 in
531 4980 623 5030 ordine
641 4979 773 5037 meruisse,
792 4979 868 5042 longo
883 4978 985 5041 plurimi
999 4992 1087 5027 eorum
1102 4977 1277 5026 evocationem
1290 4977 1372 5025 solam

69 5076 155 5124 sonum
183 5073 250 5124 Sane
271 5072 410 5122 consimile
429 5079 467 5120 est
484 5072 593 5136 gratiam
611 5071 719 5122 multum
738 5069 765 5118 in
779 5069 947 5119 translatione
960 5069 1080 5128 valuisse,
1100 5083 1182 5130 neque
1196 5081 1284 5116 omnes
1298 5081 1371 5128 prae-

69 5159 162 5211 torianos
177 5173 252 5214 111151
270 5165 298 5212 11
317 5163 420 5228 legione
439 5165 561 5214 meruisse
581 5162 722 5225 contendo;
747 5161 793 5212 secl
812 5162 868 5211 iure
886 5161 914 5210 id
932 5161 1055 5210 mansisse
1076 5158 1289 5208 Constantiniana
1308 5173 1371 5220 quu-

69 5259 107 5308 que
122 5254 295 5308 retormrrione
314 5254 487 5306 confirmatum.
