3348 5926
283 534 354 606 626
855 559 1038 612 nonusuu

280 729 387 806 primo,
410 730 537 807 denique
559 731 724 810 imperante
740 731 889 794 Gratiano
912 733 1044 794 declarat
1058 735 1230 795 constitutio
1252 732 1301 810 (O.
1314 733 1372 794 Th.
1391 737 1418 807 1,
1433 734 1461 808 d,
1475 735 1506 812 8)
1519 737 1595 797 huius

279 831 469 910 imperatoris
491 833 562 892 data
583 833 747 894 Mediolani
774 836 801 896 d.
819 833 856 892 22
873 834 953 896 Nor.
976 857 1003 896 a.
1021 836 1079 897 382
1108 838 1147 896 ad
1168 836 1299 896 Bassum
1325 839 1503 914 praefectum
1526 840 1594 898 urbis

279 935 367 992 haec:
391 936 607 1012 apparitoribus
631 940 685 996 tuis
708 941 851 1010 stationes,
874 958 947 1015 quas
970 939 1091 1000 habuere
1114 944 1282 1016 antiquitus,
1304 944 1453 1000 statuimus
1474 959 1528 999 esse
1542 944 1594 1000 red-

279 1037 403 1096 dendos:
429 1041 517 1113 ipimr
534 1041 661 1115 pristino
683 1057 759 1098 ruore
780 1051 890 1100 sonato
912 1043 954 1099 ad
974 1061 1067 1100 omnes
1084 1044 1267 1118 prouincias,
1297 1061 1371 1120 quas
1392 1044 1437 1100 vei
1462 1044 1518 1101 dici
1539 1042 1595 1103 Cou-

279 1142 400 1198 stontini
419 1144 577 1199 constitutio
600 1141 726 1212 dederat,
746 1144 792 1201 vel
807 1142 920 1202 Probus
942 1148 986 1202 vir
1007 1145 1131 1203 illustris
1151 1143 1347 1221 (intellegitur
1362 1142 1435 1205 Sex.
1451 1144 1593 1204 Petronius

278 1241 396 1303 Probus
411 1243 579 1319 praefectus
596 1243 747 1318 praetorio
763 1244 869 1302 Italiae
884 1243 978 1304 assa
990 1279 1028 1289 —
1038 1264 1062 1303 e.
1073 1245 1146 1322 375)
1158 1249 1303 1321 pumina
1317 1247 1375 1304 sibi
1388 1265 1408 1304 u
1419 1257 1506 1323 patre
1518 1260 1593 1305 ussus

278 1343 507 1418 (Valentiniano
534 1345 549 1402 l
577 1365 603 1402 a.
622 1345 809 1421 sss-375)
832 1357 972 1422 potestate
999 1349 1180 1418 reddiderat,
1209 1349 1362 1423 praecelsa
1389 1353 1534 1408 amonitus
1558 1360 1596 1435 tua

273 1450 420 1522 principue
443 1447 602 1506 destinabit.
648 1446 709 1506 Eae
733 1448 904 1524 provinciae
927 1468 1073 1525 quaenam
1096 1450 1205 1508 fuerint
1226 1469 1293 1508 cum
1315 1451 1346 1508 in
1369 1453 1535 1510 coniectura
1556 1470 1597 1527 po

278 1548 366 1606 situm
389 1551 441 1620 sit,
468 1568 527 1608 non
549 1551 649 1626 inepte
671 1549 848 1626 cogitabitur
869 1550 906 1608 de
929 1551 981 1623 iis,
1011 1553 1158 1628 equibus
1182 1552 1402 1629 appellationes
1426 1553 1464 1612 ad
1485 1553 1599 1630 praelec-

277 1659 338 1708 tum
360 1651 425 1709 urbi
448 1651 669 1724 deferebantur,
690 1670 756 1711 oum
779 1653 955 1727 praesertim
976 1655 1006 1712 in
1022 1653 1059 1711 iis
1075 1653 1252 1712 definiendis
1268 1654 1339 1712 item
1355 1655 1516 1714 admodum
1531 1655 1599 1732 leges

277 1753 471 1828 verterint),
491 1754 581 1813 modo
596 1754 810 1814 constituentes
826 1754 863 1812 ad
879 1756 1060 1832 praelectum
1077 1756 1158 1814 urbis
1174 1755 1290 1814 Romae
1305 1765 1335 1814 et
1348 1773 1455 1816 rursus
1467 1755 1600 1817 Constan-

275 1855 491 1932 tinopolitanae
513 1856 730 1932 appellationes
753 1875 812 1914 non
834 1858 993 1933 pertinere,
1018 1857 1107 1916 modo
1129 1857 1215 1916 illum
1237 1858 1454 1934 appellandum
1476 1877 1541 1919 esse
1561 1875 1601 1918 aut

276 1977 314 2016 ex
339 1957 430 2016 Italia
452 1959 519 2016 sola
540 1967 592 2016 ant
613 1967 768 2034 praeterea
796 1979 833 2017 ex
856 1961 945 2019 certis
971 1960 1134 2036 provinciis
1161 1960 1386 2033 transmarinis,
1419 1963 1602 2038 similiterque

274 2059 467 2136 disponentes
489 2061 526 2119 de
547 2061 699 2138 praelecto
723 2059 837 2120 Romae
859 2079 963 2121 novae.
992 2095 1032 2104 -
1058 2061 1231 2122 Posteriora
1253 2071 1350 2122 aetate
1376 2063 1559 2140 aliquamdiu
1577 2065 1602 2122 ni

274 2161 362 2220 fallor
383 2179 430 2220 res
453 2163 496 2220 ita
518 2163 713 2240 aequabiliter
735 2163 945 2222 administrata
967 2172 1021 2238 est,
1045 2175 1076 2223 ut
1097 2165 1293 2244 magistratus
1311 2165 1362 2242 qui
1378 2166 1498 2242 imperii
1512 2175 1601 2244 partes

274 2265 518 2324 administrarent
537 2265 702 2342 prinoipem
725 2265 869 2324 haberent
890 2265 926 2325 de
949 2283 1004 2326 suo
1027 2267 1155 2344 quisque
1181 2267 1296 2339 officio,
1323 2276 1430 2328 contra
1456 2271 1600 2346 magistra·

273 2367 354 2426 tibus
376 2367 558 2426 dioecesium
580 2377 610 2426 et
631 2367 849 2444 provinciarum
876 2369 1017 2446 princeps
1044 2369 1236 2448 deputaretur
1263 2389 1301 2428 cx
1329 2369 1437 2430 schola
1461 2371 1599 2448 mentium

272 2469 304 2527 in
325 2470 423 2542 rebus,
446 2487 524 2546 quae
552 2469 676 2546 parebat
701 2471 845 2548 magistro
875 2469 1050 2530 officiorum.
1102 2469 1212 2549 Coepit
1236 2471 1267 2530 id
1295 2472 1427 2531 tortasse
1452 2473 1511 2532 sub
1534 2470 1599 2532 Con·

274 2572 399 2644 stanti03
428 2591 496 2630 nam
519 2581 640 2650 agentes
666 2573 697 2630 in
721 2574 810 2631 rebus
838 2591 1018 2650 quamquam
1044 2574 1166 2633 fuerunt
1192 2575 1252 2632 iam
1280 2575 1338 2634 sub
1361 2571 1600 2648 Constantium),

273 2673 329 2732 sub
350 2673 412 2732 filio
438 2674 555 2734 demum
584 2674 621 2732 ad
649 2693 714 2734 eam
741 2675 904 2752 potentiam
934 2675 1071 2735 ridentur
1097 2677 1242 2748 crevisse,
1275 2695 1365 2754 quam
1392 2677 1535 2755 deinceps
1559 2678 1600 2733 ub

272 2775 439 2847 tinnerunt3
461 2784 539 2836 certe
560 2795 626 2834 cum
650 2777 762 2854 scripta
784 2785 831 2836 est
845 2775 963 2836 Notitis
979 2777 1167 2858 Dignitatum
1183 2778 1343 2856 incipiente
1359 2779 1482 2838 saeculo
1497 2779 1601 2857 quintu,

270 2877 298 2936 is
321 2885 416 2938 status
439 2879 567 2938 obtinuit
587 2879 617 2937 in
640 2879 775 2956 partibus
791 2878 963 2940 Occidentis
985 2880 1170 2958 eundemque
1192 2891 1281 2940 antea
1295 2882 1386 2940 etiam
1401 2882 1432 2939 in
1448 2880 1602 2942 Occidente

271 2979 434 3038 obtinuisse
456 2999 495 3039 ex
517 2981 586 3058 ipsa
606 2981 795 3059 aliquatenus
818 2982 895 3040 ellici
917 2992 1025 3060 potest.

310 3080 416 3141 Priore
437 3083 504 3141 loeo
526 3083 606 3160 quod
633 3083 859 3157 adseveramus,
885 3082 1005 3144 Notitia
1026 3084 1215 3162 Dignitatem
1243 3105 1278 3145 eo
1301 3084 1504 3160 demonstrat,
1530 3085 1602 3163 quod

268 3183 428 3259 praefectis
450 3187 611 3262 praetorio,
634 3186 793 3262 praelectis
817 3187 900 3246 urbis
916 3186 1031 3246 Romae
1053 3195 1083 3246 et
1098 3183 1433 3268 Constantinopolim),
1456 3188 1602 3266 magistris

268 3286 434 3364 militum⁴)
461 3287 601 3366 princeps
628 3288 747 3348 additur
772 3289 865 3360 nude,
891 3291 1004 3367 pariter
1030 3297 1119 3366 atquc
1145 3290 1179 3348 fit
1204 3292 1236 3349 in
1263 3291 1389 3367 reliquis
1417 3291 1602 3360 officialibus,

267 3406 352 3465 quos.
365 3397 484 3448 constat
505 3390 535 3447 in
558 3409 612 3449 sno
634 3409 780 3468 quemque
802 3390 901 3449 oifioio
923 3409 978 3467 per
999 3392 1110 3471 gradus
1133 3393 1324 3465 adscendere.
1373 3393 1539 3452 Praeterea
1558 3412 1602 3452 nc-

267 3509 326 3567 que
348 3491 459 3551 indicia
480 3499 644 3570 suppetunt
666 3492 731 3551 eius
752 3492 809 3551 loci
833 3493 983 3571 principes
1005 3514 1043 3554 ex
1059 3495 1215 3572 agentibus
1229 3496 1260 3554 in
1275 3497 1364 3556 rebus
1381 3496 1480 3555 lectos
1497 3495 1602 3570 esee⁵),

267 3661 470 3671 -—-——-—--

325 3771 349 3834 ¹)
369 3772 657 3839 Bethmann-Hollweg
685 3771 853 3841 Ciuilprooess
873 3773 889 3824 3
908 3790 934 3840 p.
949 3775 993 3825 63.
1008 3775 1051 3825 st.

324 3863 349 3926 2)
368 3865 547 3916 Memoruntur
565 3867 592 3916 in
612 3867 666 3932 lege
685 3883 708 3918 a.
722 3867 774 3918 319
795 3865 825 3916 C.
840 3867 890 3918 Th.
905 3867 930 3929 6,
953 3867 995 3929 35,
1018 3869 1043 3918 3.

324 3954 348 4018 ³)
368 3957 516 4008 Laterculus
535 3959 609 4008 huius
628 3959 750 4024 praefecti
770 3959 866 4010 excidit
885 3976 917 4010 ex
930 3960 1033 4011 Notitia
1046 3959 1171 4023 Orientis;
1191 3959 1236 4011 ssd
1256 3960 1329 4010 adest
1347 3961 1474 4025 gemellus
1487 3961 1515 4011 in
1528 3962 1602 4011 alters

266 4048 420 4100 Occidentis.

323 4139 348 4204 4)
367 4141 410 4192 De
429 4144 550 4208 magistro
570 4145 684 4210 equitum
704 4159 749 4210 per
768 4143 868 4196 Gallias
887 4143 957 4194 inira
976 4146 1080 4196 dicetur.

326 4232 349 4296 5)
369 4235 429 4286 Non
449 4235 535 4286 obstat
553 4237 647 4302 opinor
665 4235 813 4308 constitutio
832 4251 855 4287 a.
872 4236 923 4286 368
945 4237 985 4300 (C.
1000 4238 1050 4288 Th.
1071 4240 1095 4300 1,
1113 4238 1157 4300 23,
1176 4236 1218 4299 4),
1244 4250 1297 4302 qna
1319 4237 1507 4289 constitutions
1525 4239 1558 4289 ad
1576 4237 1600 4286 id

265 4327 335 4394 quod
353 4327 441 4393 paullo
460 4333 520 4378 aute
539 4336 678 4380 sanxerant
697 4329 864 4394 imperatores
883 4328 1043 4380 defensorem
1062 4329 1171 4380 civitatis
1190 4331 1272 4380 creari
1287 4345 1362 4394 posse
1375 4331 1420 4395 qui
1433 4332 1601 4396 principatum

263 4421 381 4485 gessisset
399 4421 468 4486 apud
486 4421 644 4486 praefectum
662 4422 791 4486 praetorio
811 4421 981 4486 vicariumre,
1005 4422 1109 4472 additur
1127 4422 1189 4472 item
1208 4423 1268 4487 eligi
1291 4422 1369 4472 licere
1395 4423 1441 4489 qui
1466 4439 1498 4473 ee
1519 4421 1600 4474 solutu

264 4519 379 4579 apertum
397 4513 424 4562 in
442 4510 517 4563 rebus
536 4511 592 4564 sedi
610 4512 731 4574 (traditur
750 4511 826 4575 sudu)
847 4513 962 4564 culminis
980 4514 1059 4564 uestri
1077 4513 1184 4576 (scilicet
1202 4513 1332 4579 praefecto
1346 4514 1490 4580 praetorio)
1510 4529 1599 4564 neure

259 4606 422 4674 principatus
440 4613 526 4656 uestro
546 4603 725 4672 quodammodo
744 4606 840 4656 nomine
856 4605 999 4672 paruerint.
1027 4607 1115 4657 Verba
1132 4607 1196 4657 haec
1215 4607 1434 4672 interpretationis
1447 4621 1540 4672 parum
1552 4621 1598 4656 crr-

264 4705 304 4748 tse
324 4705 349 4748 et
367 4699 423 4749 sine
441 4699 521 4750 dnbio
540 4699 666 4749 mendosa
684 4705 800 4763 spectent
819 4699 912 4764 opinor
931 4699 964 4748 ad
984 4699 1112 4764 principes
1132 4699 1280 4764 praesidum
1299 4699 1467 4764 provinciae,
1487 4701 1531 4766 qui
1551 4713 1596 4749 nun

262 4791 348 4854 inepte
368 4791 488 4842 dicuntur
506 4791 634 4856 praesecto
653 4792 783 4856 praetorio
802 4792 929 4856 paruisse,
957 4807 1015 4841 cnm
1034 4792 1083 4856 ipsi
1102 4791 1233 4856 praesides
1251 4791 1298 4840 sub
1317 4805 1350 4841 eo
1370 4799 1464 4843 emant.
1505 4791 1596 4842 Eadem

262 4884 440 4948 interpretatio
460 4883 562 4934 videtur
580 4899 655 4948 posse
674 4883 775 4934 admitti
798 4883 860 4932 item
885 4882 929 4932 ubi
954 4883 1101 4933 constitutio
1126 4899 1149 4934 a.
1164 4885 1217 4934 449
1244 4882 1428 4945 (nov.Valent.
1442 4884 1487 4935 111
1505 4885 1544 4934 tit.
1558 4885 1596 4937 ii.

264 4977 276 5024 1
282 5012 289 5038 ,
305 4973 331 5038 1)
351 4985 478 5028 memorat
496 4991 540 5026 eos
559 4977 603 5041 qui
622 4991 654 5025 ex
674 4975 762 5026 schola
781 4977 910 5040 agentium
928 4976 956 5025 in
975 4976 1050 5026 rebus
1069 4975 1105 5026 ud
1127 4973 1246 5042 obsequia
1259 4974 1440 5042 praefecturae
1457 4977 1596 5044 pemeria

261 5083 310 5118 nas
326 5075 386 5135 post
403 5067 504 5134 infinita
523 5067 670 5118 discrimina
689 5075 713 5118 et
731 5074 876 5134 consumpta
895 5068 987 5118 aetatis
1002 5075 1078 5135 parte
1096 5067 1198 5118 meliore
1216 5069 1383 5133 perveniunt,
1403 5084 1451 5120 uec
1471 5067 1596 5119 minnsin

262 5160 378 5224 epistulis
396 5161 603 5213 Cassiodorianis
623 5161 649 5222 6,
663 5161 694 5210 6:
719 5159 827 5227 efficium
846 5161 899 5212 sius
918 5159 1043 5226 (magistri
1063 5159 1219 5222 officiorum)
1239 5166 1312 5210 tauta
1330 5161 1402 5228 persii
1415 5159 1595 5228 praeropatiru

263 5248 404 5313 decoratum,
425 5259 453 5303 ut
471 5252 577 5306 miiitiae
590 5251 740 5321 perstructus
758 5249 899 5304 erraueridus
918 5259 1021 5304 ornetur
1039 5252 1136 5304 nonius
1148 5253 1315 5322 principatus
1327 5253 1436 5323 udoque
1448 5249 1520 5305 uodo
1534 5251 1594 5300 r'atcr
