3444 5932
446 592 1049 648 onsunvsurounsarrcnsrnrcna.
1343 573 1412 644 163

101 766 213 824 mamma
234 767 393 826 voluminis
415 766 478 838 111,
509 768 540 824 in
567 786 627 843 quo
656 767 815 843 pritilegia
841 766 967 824 militum
994 765 1120 825 collecta
1146 766 1339 836 exhibentur,
1361 767 1412 824 ad·

98 865 192 925 iunctis
213 877 319 944 postea
346 869 471 945 repertis
496 869 527 927 in
553 869 753 944 premeride
779 869 835 926 hac
862 868 964 940 editis,
991 867 1062 926 item
1088 867 1202 926 indices
1228 868 1412 926 voluminum

99 967 263 1043 requuoruur
289 970 347 1028 hue
374 969 584 1046 pertinentium
612 971 709 1030 adhuc
733 970 880 1029 editorum
903 969 943 1028 11.
960 967 996 1026 V.
1013 969 1085 1027 VII.
1101 969 1186 1026 VIII.
1203 969 1257 1028 IX.
1274 970 1320 1042 X,
1349 971 1413 1045 ple·

98 1087 208 1144 rumque
229 1089 286 1128 non
309 1079 447 1148 repetens
469 1091 610 1132 numeros
632 1072 800 1143 titulorum,
829 1071 881 1128 sed
904 1071 935 1128 in
956 1070 1022 1130 sole
1043 1071 1204 1130 voluminis
1227 1071 1413 1147 adlegalicne

98 1172 255 1231 subsistens.
302 1173 470 1250 Adsumpsi
498 1192 576 1250 quae
602 1176 764 1252 scriptores
786 1181 963 1244 memorant,
994 1181 1027 1230 ut
1048 1172 1174 1232 Tacitus
1202 1181 1231 1230 et
1252 1173 1412 1245 Arrianus,

96 1281 227 1346 quatenns
247 1275 319 1332 mihi
341 1263 500 1334 constabat
520 1277 642 1354 propria
663 1275 810 1336 vocabula
831 1275 911 1350 apud
932 1292 984 1333 eos
1006 1275 1123 1334 referri.
1171 1272 1287 1332 Notitiu
1316 1275 1412 1352 digni-

97 1381 177 1434 tatum
198 1377 261 1434 aeri
284 1375 490 1436 Theodosiani
514 1395 582 1436 cum
604 1378 712 1436 multas
734 1378 800 1436 alas
822 1377 1021 1452 cohortesque
1041 1376 1188 1446 nominet,
1211 1375 1298 1452 longe
1319 1376 1411 1451 pluri-

97 1494 151 1534 mas
170 1495 280 1549 earum,
304 1478 418 1536 scilicet
438 1496 513 1554 quas
536 1488 588 1536 aut
608 1487 720 1538 certum
743 1487 795 1538 aut
816 1477 978 1536 verisimile
997 1485 1078 1536 esset
1092 1476 1245 1536 institutas
1262 1495 1328 1536 esse
1342 1488 1413 1554 post

97 1576 312 1650 Diocletianum,
334 1580 374 1636 ab
395 1579 442 1637 his
465 1580 618 1638 laterculis
640 1580 743 1658 procul
765 1579 865 1652 habui,
890 1579 1063 1638 vetustioris
1084 1579 1209 1656 originis
1232 1597 1309 1654 quae
1331 1579 1411 1638 vide·

95 1687 189 1751 rentur,
210 1682 320 1756 recepi.
357 1680 499 1740 limiaent
518 1681 595 1740 inter
616 1682 672 1740 has
695 1699 771 1757 quae
789 1691 982 1740 recensentur
995 1681 1027 1739 iu
1043 1679 1201 1738 Britannia
1215 1679 1301 1755 (Oce.
1318 1699 1342 1738 c.
1356 1681 1410 1756 40)

94 1799 137 1856 prr
155 1781 254 1840 lineum
275 1782 366 1852 ualli,·
398 1801 465 1840 nam
486 1801 553 1842 cum
576 1783 638 1842 sint
658 1800 780 1842 numero
806 1790 867 1840 tres
894 1789 924 1840 et
951 1781 1054 1858 viginti
1081 1799 1198 1852 omues,
1226 1781 1411 1858 undeviginti

96 1882 263 1942 adscendunt
284 1884 322 1942 ad
345 1883 494 1944 maculam
519 1884 727 1960 secundum1),
749 1894 780 1942 ut
801 1903 869 1942 cum
890 1891 1045 1960 praeterea
1065 1905 1120 1962 per
1141 1892 1235 1942 totum
1253 1884 1409 1959 imperium

97 1993 177 2044 casua
197 2005 252 2061 per
274 1987 395 2044 tertium
417 1994 615 2063 quartumque
637 1986 786 2046 saeculum
810 1985 936 2044 subinde
957 1994 1072 2046 mutata
1092 1995 1238 2062 auctaque
1258 1987 1409 2061 reperian-

99 2093 144 2157 tur,
171 2087 210 2144 ad
238 2088 350 2146 vallum
377 2087 451 2146 illud
478 2089 601 2148 immota
625 2089 687 2148 iere
714 2088 849 2148 steterint
874 2104 997 2146 necesse
1025 2088 1072 2145 sit.
1127 2087 1256 2164 Propter
1287 2087 1409 2146 eandem

101 2205 192 2248 ausam
219 2209 278 2248 nou
301 2189 398 2265 magis
420 2190 530 2250 admisi
552 2208 704 2261 numeros,
727 2199 760 2248 ut
785 2197 855 2247 suut
881 2189 1055 2260 Britannum,
1077 2189 1286 2260 Dalmatarum,
1312 2189 1410 2248 Treue-

99 2307 182 2363 rorum,
214 2291 328 2350 similes
351 2291 420 2362 alii3
446 2311 515 2350 uam
537 2301 607 2352 unte
629 2291 721 2350 Marci
744 2299 877 2367 tempora
899 2291 952 2350 vix
974 2291 1073 2350 locum
1096 2291 1126 2348 in
1150 2290 1255 2348 militia
1274 2289 1412 2350 Romana

96 2390 241 2452 babuerunt
263 2392 428 2467 (invenitur
448 2411 476 2451 u.
492 2395 569 2452 Brit.
592 2403 618 2452 st
634 2394 770 2470 explorat.
785 2392 957 2468 Nemauing.
980 2392 1010 2450 in
1033 2393 1120 2450 titulo
1143 2393 1212 2450 anni
1231 2392 1288 2450 178
1305 2392 1410 2450 Bram-

95 2491 171 2551 baclrii
191 2495 334 2565 n.1751;
357 2513 488 2554 natuerat
511 2495 722 2571 erplaratorum
734 2495 915 2553 Batauorum
938 2493 968 2550 in
990 2494 1085 2552 altero
1106 2494 1213 2552 aetatis
1230 2491 1410 2554 Seuerianae

93 2595 157 2668 apud
176 2595 303 2654 eundem
326 2615 356 2654 n.
373 2598 407 2668 73
435 2617 463 2656 ra.
488 2597 696 2657 Catanensium
718 2597 748 2654 in
770 2595 859 2655 tertio
881 2615 907 2653 a.
925 2593 984 2653 225
1006 2595 1087 2670 apud
1109 2595 1234 2653 eundem
1258 2615 1286 2654 n.
1306 2596 1409 2673 1317),

93 2707 115 2750 et
132 2697 313 2772 expendendi
338 2705 488 2756 suntuna
510 2699 666 2769 institutis,
688 2717 763 2774 quae
786 2697 910 2756 militiae
931 2697 1171 2755 reformationem
1189 2696 1409 2756 Diocletianum

91 2797 293 2869 quodammodo
315 2800 506 2858 incubabant
537 2833 575 2843 —
603 2801 682 2860 Alae
703 2809 733 2858 et
754 2799 892 2858 cohortes
914 2816 979 2856 cum
1003 2807 1120 2876 praeter
1142 2817 1297 2857 numerum
1321 2817 1408 2858 voce·

90 2897 154 2956 bulis
174 2901 312 2976 pluribus
334 2902 482 2960 naminari
505 2903 631 2972 soleant,
654 2902 824 2976 frequenter
845 2909 943 2958 autem
966 2917 1024 2956 non
1045 2900 1184 2958 omuibus
1199 2909 1328 2972 utantur,
1353 2919 1408 2960 nos

91 3018 137 3058 uon
156 3003 184 3058 in
206 3020 241 3061 eo
263 3003 504 3075 elaboravimus,
531 3013 565 3062 ut
585 3003 642 3062 hae
664 3003 852 3062 diversitates
874 3001 963 3076 plone
984 3011 1207 3060 recenserentur
1235 3011 1265 3062 et
1290 3003 1409 3062 curiose

90 3100 340 3180 distinguerentur,
366 3105 419 3164 sed
440 3105 566 3164 sormam
593 3105 722 3163 maxime
749 3105 868 3181 plenam
894 3103 1086 3180 potissimum
1109 3105 1409 3180 repraesentavimus,

90 3201 256 3264 breviatione
277 3207 409 3264 indicata
431 3207 607 3283 plerumque
629 3207 737 3265 additis
760 3206 846 3264 uncis
868 3205 1014 3262 rotundis.
1057 3185 1216 3262 Omittitur
1238 3215 1335 3264 autem
1358 3217 1409 3266 aut

89 3305 221 3366 ethnicum
249 3307 377 3366 alterurn
411 3307 459 3384 (ut
484 3308 614 3384 Hispani
642 3307 762 3366 Astures
795 3307 970 3384 plerumque
1002 3306 1139 3364 dicuutur
1167 3306 1288 3366 Astures
1320 3309 1407 3380 nude,

89 3406 194 3466 Astura
215 3418 242 3466 et
266 3408 398 3468 Callaeci
419 3411 508 3468 modo
531 3411 601 3481 hoa,
631 3411 719 3468 modo
741 3409 794 3467 illo
818 3407 960 3466 vocabulo
989 3409 1055 3466 solo
1084 3408 1236 3484 utuntur),
1265 3417 1329 3480 aut,
1357 3409 1408 3468 ubi

88 3525 183 3568 nomeu
203 3511 376 3585 primarium
399 3511 513 3588 duplex
536 3520 583 3572 est
603 3511 753 3570 ethnicum
776 3519 806 3568 et
827 3510 994 3586 personale,
1017 3509 1143 3568 alterum
1167 3517 1264 3568 utrum
1289 3511 1335 3586 (ut
1356 3513 1408 3568 alu

91 3607 253 3686 Tungrarum
265 3613 466 3672 nonensem
480 3613 656 3689 plerumque
670 3614 727 3671 hoc
743 3612 808 3670 solo
824 3611 967 3669 vocabulo
983 3610 1165 3687 appellatur)
1180 3622 1231 3668 aut
1242 3629 1407 3688 cognomen

89 3709 263 3773 honorarium
296 3713 344 3789 (ut
371 3725 443 3774 sunt
470 3715 589 3773 ethnica
616 3715 761 3774 adiective
788 3713 917 3771 formata
943 3712 1146 3782 Macedonica,
1174 3713 1303 3784 Dacica,
1335 3713 1406 3772 item

89 3816 219 3892 laquata)
240 3825 294 3874 aut
315 3817 395 3891 quod
418 3817 576 3876 militarem
598 3817 723 3875 formam
746 3815 880 3873 enuntiat
901 3813 949 3888 (ut
963 3823 1033 3872 sunt
1047 3815 1185 3884 miliaria,
1208 3817 1406 3890 quingenario,

90 3919 210 3988 maimo,
229 3917 377 3994 peditatu)
403 3919 451 3976 vel
477 3918 603 3976 militum
631 3917 836 3976 condicionem
863 3916 980 3974 civilem
1011 3914 1058 3990 (ut
1083 3919 1185 3974 ciuium
1205 3917 1407 3988 Romanorum,

88 4012 202 4076 furasse
227 4020 318 4076 etiam
347 4022 449 4078 ciuium
469 4019 673 4095 Latmorum);
697 4018 824 4094 denique
849 4019 907 4094 ipsi
929 4017 1059 4088 numeri,
1089 4017 1218 4076 maxime
1243 4017 1274 4076 in
1302 4019 1406 4094 primis

89 4115 138 4174 alis
160 4119 389 4196 cohortibusque
415 4121 454 4179 iis
480 4138 557 4196 quae
584 4121 745 4180 secundum
772 4119 885 4177 nullam
911 4119 1035 4190 habent,
1067 4119 1121 4176 sed
1148 4119 1237 4176 etiam
1267 4120 1298 4178 in
1326 4121 1406 4193 aliis,

90 4233 139 4275 nou
168 4239 233 4280 raro
265 4222 431 4280 breviando
464 4230 700 4299 praetereuntur.
754 4220 909 4279 Vocabula
941 4220 1135 4295 imperatoria
1168 4222 1199 4278 in
1232 4230 1406 4298 perpetuum

90 4317 243 4399 adsumpta,
271 4324 483 4400 respondentia
505 4325 619 4383 scilicet
640 4323 747 4383 Flavio
773 4322 925 4398 legionum
947 4321 992 4378 IV
1014 4329 1044 4378 et
1065 4321 1155 4392 XVI,
1182 4321 1315 4380 Traiano
1342 4325 1406 4382 siue

91 4416 169 4494 Ulpio
194 4425 342 4500 legionum
365 4425 397 4483 II
426 4435 456 4484 et
478 4425 591 4498 XXX,
620 4425 720 4483 omnia
741 4423 826 4500 posui
848 4423 896 4480 vel
919 4429 997 4481 certe
1019 4442 1131 4502 ponere
1153 4425 1247 4496 voluI,
1274 4443 1340 4483 cum
1368 4425 1405 4482 ad

90 4519 286 4585 institutionem
310 4527 495 4603 singulorum
518 4527 696 4586 auxiliorum
720 4526 903 4603 pertineant3
926 4525 1020 4582 abisai
1043 4533 1141 4584 autem
1164 4543 1241 4601 quae
1263 4527 1407 4602 gerebant

91 4625 165 4682 tertio
189 4627 307 4688 saeculo
330 4629 485 4706 desumpta
507 4649 526 4686 a
547 4629 681 4706 principe
709 4628 797 4687 modo
826 4635 981 4704 regnante,
1008 4628 1077 4685 item
1105 4634 1265 4704 quactum
1289 4628 1406 4686 obtine-

93 4777 274 4794 Ἣ

140 4873 160 4936 ¹)
178 4875 302 4938 Quattuor
321 4878 480 4942 reliquorum
499 4892 671 4938 numerorum,
692 4876 735 4940 qui
754 4884 813 4925 sunt
832 4873 921 4925 colora
934 4875 1021 4941 prima
1038 4873 1217 4924 Cerauniorum
1237 4899 1271 4909 -
1290 4890 1404 4925 numerus

95 4959 438 5020 Hermundurorum
462 4997 496 5006 -
522 4984 613 5019 cuneus
631 4965 805 5018 Sarmatarum
829 4995 861 5004 -
888 4965 933 5015 alu
948 4966 1033 5032 prima
1050 4962 1165 5016 Hercula
1184 4964 1254 5027 (sie),
1279 4981 1336 5015 cum
1356 4973 1406 5018 tres

95 5067 166 5117 tuane
183 5063 264 5126 quarti
284 5062 380 5112 munli
399 5069 487 5111 notam
507 5060 631 5122 babeant,
656 5060 687 5110 de
708 5059 844 5110 Gemoniis
863 5058 975 5108 dubitari
994 5064 1090 5122 potest,
1114 5064 1141 5106 at
1159 5058 1180 5106 si
1204 5063 1274 5117 sunt,
1301 5063 1327 5105 ut
1352 5073 1406 5108 esee

95 5147 226 5215 esurum,
246 5153 369 5204 Curnavii
388 5153 532 5204 Ptolemaei
551 5152 661 5218 populus
679 5151 827 5212 Britannus,
847 5149 940 5202 cohors
956 5149 1106 5214 posterioris
1118 5148 1224 5213 originis
1239 5155 1264 5197 et
1276 5149 1332 5213 ipsa
1352 5158 1404 5213 est;

95 5250 141 5288 nam
157 5243 316 5296 Britannicus
337 5245 445 5295 dilectus
465 5245 571 5294 meliore
591 5251 674 5293 aetate
693 5259 745 5292 non
764 5259 810 5306 per
829 5243 938 5307 papulus
957 5241 1039 5291 lactus
1060 5249 1105 5290 est.

1140 5346 1196 5405 11*
