3444 5932
339 561 410 634 130
714 581 716 584 ·
919 583 1103 636 mommsen

336 755 377 812 rit
397 755 445 825 iis,
467 758 518 832 qui
539 773 572 814 cc
588 755 793 830 protectoribus
815 756 861 813 uel
882 775 914 814 ac
931 760 1109 833 praepositis
1123 759 1169 814 uel
1182 776 1215 816 ec
1229 753 1389 832 tribunia¹)
1412 758 1550 831 epictetum
1574 777 1657 834 repor-

337 866 443 915 toeaeot
463 875 560 934 neque
582 857 674 915 aciem
692 857 846 927 vidissent,
869 877 929 916 non
944 859 1048 917 eedem
1070 859 1228 936 privilegia
1241 876 1308 918 esse
1330 867 1419 934 atque
1441 860 1478 917 iis
1495 861 1546 935 qui
1571 861 1659 918 ordine

335 960 453 1016 militias
475 961 593 1017 decurro
615 959 652 1017 ad
674 958 798 1017 eandem
821 959 1025 1018 condicionem
1052 964 1274 1036 pervenissent,
1299 961 1369 1018 inde
1396 960 1561 1038 colligitur,
1588 962 1659 1036 quod

336 1059 409 1117 alibi
430 1078 549 1135 quoque
571 1077 662 1136 saepe
684 1069 821 1137 apparet,
850 1062 979 1120 honores
1007 1080 1060 1120 eos
1087 1081 1141 1138 per
1163 1062 1317 1121 codicillos
1345 1063 1388 1120 ita
1408 1061 1498 1120 datos
1525 1079 1611 1133 esse,
1634 1073 1661 1120 ut

334 1169 484 1237 tanlquam
507 1163 636 1237 peractis
657 1163 695 1220 iis
717 1161 915 1221 dimitteretur
942 1181 1001 1220 non
1029 1173 1090 1221 tam
1117 1164 1254 1222 tribunus
1281 1172 1310 1220 et
1335 1164 1379 1220 sic
1405 1163 1546 1240 deinceps
1572 1163 1660 1222 factus
1709 1231 1710 1234 Ἴ

334 1280 424 1337 quam
450 1281 489 1320 ex
516 1264 646 1321 tribuno.
701 1262 775 1320 Inde
802 1271 908 1338 postea
940 1264 1084 1322 bonorum
1111 1265 1165 1322 illa
1191 1265 1251 1322 duo
1282 1282 1392 1341 genera
1422 1266 1491 1340 ipso
1518 1265 1661 1323 vocabulo

334 1363 454 1422 differre
480 1373 655 1442 coeperunt,
685 1363 798 1424 scilicet
824 1365 866 1422 ita
893 1373 926 1422 ut
953 1365 1005 1440 qui
1033 1365 1169 1424 tribunus
1190 1367 1364 1437 meruisset,
1393 1367 1482 1424 etiam
1512 1366 1660 1424 tribunatu
1709 1417 1710 1422 ,

334 1465 471 1541 deposito
493 1467 630 1524 tribunus
653 1465 861 1540 appellaretur,
885 1465 1063 1525 honorarius
1085 1469 1221 1526 tribunus
1243 1486 1281 1525 ex
1297 1467 1415 1526 tribuno
1430 1467 1577 1526 vocabulo
1602 1487 1662 1526 con·
1709 1521 1710 1524 ,

334 1575 431 1624 tentus
453 1575 543 1626 esset.
593 1567 668 1624 Eius
691 1583 763 1626 usus
786 1569 817 1624 in
839 1568 998 1625 comitibus
1020 1569 1191 1644 exemplum
1214 1569 1330 1628 illustre
1358 1569 1499 1645 proponit
1520 1569 1599 1626 ordo
1621 1587 1662 1627 sa-

333 1669 488 1726 lutationis
503 1668 689 1745 Thamugadi
712 1688 807 1744 nuper
822 1669 1005 1740 eruderatus,
1029 1669 1138 1745 dequo
1153 1670 1284 1728 fortasse
1306 1671 1377 1728 alibi
1393 1670 1560 1728 disserendi
1585 1671 1662 1728 locus

334 1772 399 1840 erit,
423 1771 452 1826 in
468 1771 594 1828 tribunis
617 1777 714 1828 autem
732 1771 836 1828 titulus
851 1771 1041 1830 Trevirensis
1064 1789 1155 1846 snpra
1176 1771 1290 1830 relatus
1312 1791 1341 1830 n.
1358 1769 1411 1842 283
1434 1790 1503 1829 nam
1521 1781 1664 1847 protector
1709 1763 1710 1830 }

334 1891 366 1928 er
389 1872 501 1930 tribuno
522 1890 588 1930 cum
611 1872 696 1930 nullo
718 1871 805 1930 modo
828 1872 923 1946 accipi
945 1872 1043 1946 possit
1063 1871 1100 1928 de
1122 1872 1241 1930 tribuno
1257 1872 1363 1932 deinde
1385 1873 1465 1930 iacto
1487 1881 1663 1950 protectore,

333 1992 397 2031 cum
420 1973 468 2030 vel
489 1973 584 2030 intimi
606 1973 720 2037 ordinis,
745 1973 881 2032 tribunus
909 1991 1001 2048 supra
1028 1983 1224 2049 protectorem
1251 1973 1291 2032 sit
1313 1974 1365 2046 (ci.
1381 1971 1417 2032 O.
1434 1974 1491 2032 Th.
1508 1975 1537 2043 8,
1554 1976 1585 2044 5,
1603 1975 1661 2049 49),
1709 1971 1710 1974 ’

332 2085 411 2132 recte
433 2075 476 2132 ite
499 2075 652 2132 vocabitur
674 2083 823 2150 protector
846 2075 990 2134 dimissus
1012 2093 1078 2132 cum
1100 2075 1254 2132 tribunatu
1275 2075 1480 2152 epistularis).
1524 2073 1662 2134 Ceterum

331 2177 380 2234 hic
400 2175 542 2252 loquendi
565 2193 636 2234 usus
658 2193 717 2233 non
740 2177 856 2234 videtur
878 2177 1051 2252 pervenisse
1074 2175 1147 2246 nisi,
1174 2177 1269 2233 nteit
1291 2173 1525 2248 Constantinus,
1550 2179 1592 2235 ad
1614 2179 1662 2234 ho·

332 2295 421 2335 nores
443 2277 604 2336 militares:
628 2296 661 2336 ac
683 2277 796 2335 consule
815 2295 874 2335 non
889 2285 936 2335 est
951 2277 1055 2336 consul
1070 2276 1280 2349 codicillarius‚
1303 2278 1356 2335 sed
1370 2277 1529 2337 consulatu
1543 2279 1663 2336 iunctas

331 2389 361 2438 et
382 2381 425 2438 sic
447 2379 597 2453 deinceps.
622 2379 718 2437 Multo
741 2379 840 2436 minus
863 2378 1016 2436 transferri
1039 2379 1127 2437 debet
1148 2379 1184 2436 ad
1201 2378 1300 2436 officia
1315 2380 1432 2438 minora
1446 2398 1609 2455 numquam
1625 2382 1663 2438 its

332 2502 384 2556 per
406 2481 558 2539 codicillos
582 2480 727 2555 permissa
748 2480 939 2554 imaginarie,
965 2481 1068 2555 itaque
1090 2499 1124 2537 cc
1142 2489 1300 2553 protectore
1321 2481 1386 2539 sire
1407 2500 1441 2539 er
1457 2483 1664 2557 marturibus

333 2584 453 2640 omnino
475 2583 502 2640 is
525 2581 632 2639 dicitnr
647 2582 699 2656 qui
714 2589 864 2655 protector
878 2600 943 2638 cum
960 2580 1076 2650 inisset,
1099 2597 1166 2639 esse
1182 2581 1278 2640 desiit.
1312 2579 1360 2640 Ne
1374 2583 1405 2638 in
1421 2582 1530 2640 militia
1542 2583 1663 2658 quidem

330 2683 531 2741 contenderim
553 2701 658 2742 severe
680 2703 745 2741 eam
768 2683 865 2757 legere
886 2683 1077 2740 observatam
1100 2699 1166 2740 esse
1191 2701 1287 2757 neque
1315 2701 1440 2758 nsquam
1469 2685 1608 2760 usurpari
1633 2701 1664 2740 ar

331 2786 440 2842 tribur-ao
462 2785 524 2842 sive
547 2804 579 2842 ec
602 2784 722 2842 tribunis
744 2783 920 2841 vocabulum
943 2783 979 2840 de
1002 2801 1037 2840 eo
1059 2785 1109 2858 qui
1136 2783 1314 2842 tribunatum
1343 2785 1482 2860 gesserit:
1508 2785 1562 2843 sed
1591 2786 1664 2862 legi-

330 2887 434 2944 timum
457 2905 542 2944 nsum
564 2885 778 2944 vocabulorum
801 2903 837 2942 ea
859 2893 955 2942 aetate
978 2893 1057 2942 recte
1080 2884 1152 2942 mibi
1175 2885 1277 2943 videor
1299 2885 1462 2946 definiisse.

371 2988 456 3046 Haec
478 2989 525 3045 ubi
549 2988 713 3063 sequimur,
736 2987 813 3044 inter
828 2985 933 3043 titulos
956 3003 1048 3061 supra
1070 2985 1181 3044 relatos
1203 2987 1331 3062 primum
1348 3005 1494 3046 novorum
1516 2997 1663 3064 protecto-

329 3110 396 3148 rum
416 3089 566 3160 indicium,
588 3087 667 3163 quod
683 3088 723 3146 sit
738 3087 807 3144 anni
824 3087 907 3156 certi,
929 3087 1130 3161 Aquincensis
1153 3088 1276 3161 praebet
1290 3089 1359 3146 anni
1376 3087 1447 3158 287,
1470 3089 1522 3164 qui
1536 3097 1661 3164 quartus

328 3200 374 3248 est
390 3190 583 3259 Diocletiani3
606 3189 645 3246 ibi
668 3189 747 3246 enim
771 3189 920 3246 invenitur
939 3188 1107 3265 praefectus
1130 3189 1226 3248 factus
1249 3190 1377 3265 legionis
1391 3198 1479 3247 antea
1500 3199 1663 3265 protector.

329 3291 389 3351 Sed
416 3293 546 3350 sortasse
569 3291 720 3348 anteriora
746 3289 793 3346 bis
821 3289 1014 3364 suppeditant
1036 3291 1207 3366 scriptores.
1253 3288 1448 3349 Constantius
1470 3289 1662 3350 Constantini

329 3394 428 3470 magni
457 3401 554 3469 pater,
584 3391 632 3467 qui
655 3391 771 3449 ridetur
793 3391 923 3448 militare
944 3392 1079 3466 coepisse
1101 3392 1266 3468 imperante
1289 3393 1468 3465 Aureliano,
1496 3395 1660 3451 secundum

329 3499 521 3570 Anonymum
537 3491 731 3550 Valesianum
753 3495 809 3550 c.l
832 3502 975 3568 protector
993 3495 1133 3567 primurn,
1163 3497 1226 3552 acin
1249 3493 1390 3564 tribunus,
1414 3503 1516 3570 posteo
1539 3513 1662 3571 praeses

329 3597 544 3656 [tolosanorum
557 3596 636 3669 sard,-
660 3595 761 3668 itaque
784 3594 840 3650 nisi
863 3594 990 3670 scriptor
1008 3613 1081 3653 suae
1103 3596 1210 3653 aetatis
1226 3595 1379 3654 vocabulis
1401 3596 1554 3654 anteriora
1575 3615 1662 3654 enar-

331 3700 416 3769 ravit,
440 3699 498 3756 iam
521 3698 577 3756 sub
600 3677 765 3753 Aureliano
787 3707 969 3771 protectores
993 3695 1029 3752 ad
1052 3697 1232 3754 tribunatum
1254 3698 1515 3773 promovebantur.
1532 3731 1571 3741 -
1586 3696 1662 3755 Dic·

327 3801 487 3858 cletianum
516 3806 653 3856 auctores
681 3816 747 3854 cum
774 3797 908 3855 scribant
933 3797 1141 3871 imperatorem
1170 3805 1301 3856 creatum
1325 3815 1393 3856 esse
1414 3799 1581 3858 domesticos
1602 3809 1661 3855 tam

328 3956 531 3966 ,-.-........-..-.

386 4047 409 4110 ¹)
429 4043 471 4096 Ec
490 4047 597 4098 tribunis
616 4049 711 4096 locutio
731 4055 831 4113 practer
850 4047 950 4098 titulum
971 4047 1067 4098 codicis
1086 4047 1265 4099 Theodosiani
1285 4051 1486 4114 supracitatum
1507 4051 1659 4116 inscriptum

326 4139 356 4189 dc
376 4140 536 4190 testimoniali
554 4156 584 4190 ex
603 4137 710 4189 tribunis
729 4148 752 4189 et
769 4137 954 4205 protectoribus
972 4139 1025 4200 (ubi
1046 4147 1107 4190 nota
1127 4141 1278 4190 vocabulum
1298 4156 1328 4190 ex
1347 4139 1454 4191 tribunis
1473 4144 1589 4207 usurpari
1608 4156 1660 4205 pro

326 4233 482 4280 substantiam
504 4233 625 4296 singulari
646 4231 762 4294 numero)
783 4233 809 4282 in
828 4232 927 4296 legibus
947 4247 999 4280 non
1019 4233 1160 4293 invenitur,
1181 4233 1336 4297 Rossiusque
1355 4239 1457 4294 noster,
1478 4247 1554 4296 quem
1574 4231 1604 4281 de
1627 4247 1659 4280 ea

325 4325 454 4385 consului,
479 4323 612 4388 respondit
637 4324 686 4372 sibi
709 4339 762 4374 non
786 4331 914 4388 repertam
940 4337 995 4372 esse
1020 4325 1068 4373 nisi
1089 4325 1115 4373 in
1135 4325 1216 4374 titulis
1240 4323 1321 4374 tribus
1345 4324 1444 4374 urbano
1471 4323 1661 4386 (Crescimbeni

325 4422 390 4464 stato
410 4415 479 4464 delio
499 4413 606 4464 tuatim
625 4413 653 4463 di
672 4413 699 4464 S.
713 4413 803 4464 Mario
821 4416 848 4464 c'u
871 4412 1000 4464 Cosmedia
1018 4415 1117 4466 Romae
1139 4417 1208 4466 1719
1228 4431 1254 4480 p.
1269 4415 1327 4477 ³⁰l=
1347 4411 1458 4466 Florius
1471 4413 1576 4468 Bula'cne
1593 4414 1660 4474 ufir)

325 4506 516 4568 d(erotisaimaa)
540 4522 570 4556 ec
589 4505 696 4556 tribunis
719 4514 743 4556 et
762 4507 923 4572 Aquileiensi
948 4507 1035 4557 vol.V
1055 4523 1079 4556 n.
1096 4507 1179 4558 16522
1203 4505 1246 4557 Fe.
1262 4507 1394 4573 Aporeato
1499 4523 1530 4558 ee
1549 4504 1659 4556 mitanis

324 4609 349 4648 et
367 4599 532 4662 Lugdunensi
558 4599 626 4663 apud
645 4599 808 4648 Leblantium
828 4615 853 4648 n.
868 4601 916 4648 41:
943 4595 1053 4648 Flavius
1072 4596 1148 4648 Fieri
1234 4614 1265 4648 ca·
1290 4595 1398 4648 triburie
1423 4600 1468 4665 qui
1489 4600 1554 4649 amic
1574 4611 1659 4646 aanor

327 4692 455 4756 octoyiuta
474 4698 498 4740 et
516 4697 613 4756 reptem,
634 4689 772 4752 nrilitocid)
793 4707 851 4739 arro.
871 4689 978 4756 triyiuta
996 4697 1019 4739 ct
1038 4706 1122 4739 norem
1223 4697 1246 4740 ct
1261 4687 1385 4756 probatus
1404 4707 1525 4740 mucram
1543 4689 1660 4739 decimet

323 4789 392 4842 octo;
412 4784 590 4846 praeteream
611 4783 699 4831 libello
718 4797 822 4846 precum
843 4796 859 4830 e
878 4782 1031 4832 Marcellino
1050 4789 1075 4855 et
1095 4781 1220 4832 Faustino
1240 4783 1301 4831 datu
1321 4783 1355 4832 sd
1374 4781 1549 4832 Theodosium
1569 4781 1658 4830 sertio-

322 4890 375 4923 rcm
397 4874 539 4936 (sirmondi
560 4889 619 4938 opp.
636 4877 648 4923 1
670 4890 695 4938 p.
712 4873 764 4922 154
784 4873 825 4922 ed.
838 4873 943 4935 Vener.)
962 4871 1055 4922 nobilis
1074 4871 1161 4922 domus
1241 4871 1331 4924 Seueri
1348 4890 1379 4924 cc
1398 4871 1513 4924 triburis.

376 4955 405 5027 ¹²)
425 4967 568 5016 Tribunum
592 4965 765 5014 codicillarem
792 4965 845 5012 sive
869 4965 1036 5015 honorarium
1063 4979 1125 5014 cave
1154 4965 1296 5015 contundes
1326 4982 1383 5016 cram
1410 4966 1515 5016 tribuno
1537 4967 1658 5012 tacente.

322 5057 452 5106 Tribunus
473 5073 578 5118 vacans,
605 5063 633 5105 ut
652 5072 683 5105 ex
704 5056 844 5105 Ammiano
863 5057 1024 5119 potissimum
1045 5063 1159 5121 apparet,
1180 5072 1334 5121 quamquem
1354 5073 1462 5107 numero
1481 5071 1532 5107 non
1551 5063 1656 5118 praeest

321 5155 349 5196 nt
367 5155 467 5211 praeest
485 5165 537 5198 non
558 5163 660 5208 vacans,
680 5146 849 5197 nihilominus
869 5148 976 5209 militat3
1002 5149 1119 5198 tribunus
1138 5149 1293 5198 honorarius
1312 5155 1356 5199 aut
1375 5163 1514 5214 numquam
1532 5146 1657 5197 mitiuvit

321 5245 365 5286 aut
384 5239 505 5290 militarit
523 5240 581 5290 loco
601 5241 703 5290 diverso
723 5247 749 5287 et
768 5239 902 5288 codicillos
921 5241 1050 5304 accipiens
1069 5239 1180 5290 militare
1200 5239 1303 5289 desiuit.
