3332 5932
57 642 147 692 tar-sss
482 640 681 694 Pnovntmn
707 641 883 693 numum.
1275 619 1346 692 389

53 813 180 872 mirandos
199 831 265 874 esse
286 813 506 873 constituit-
528 813 805 887 arisitensem
827 815 964 874 traditur.
981 847 1019 858 —
1040 815 1077 872 81
1096 831 1160 890 seq.
1185 817 1215 873 in
1236 815 1350 890 arpenti

52 915 108 988 (scil.
123 915 233 992 caussa)
254 915 382 993 qu(o)[e]
398 915 529 992 finiendo
550 921 605 975 sit:
627 917 659 976 id
680 915 868 976 referendum
890 925 944 990 est,
967 923 1049 992 puto,
1072 915 1109 974 ad
1124 915 1234 976 iudicia
1248 921 1348 974 extra·

50 1017 180 1091 ordinaria,
201 1035 265 1076 oum
288 1027 339 1076 aut
361 1018 531 1078 summatim
553 1019 790 1095 cognoscebatur
812 1025 865 1076 aut
886 1018 947 1078 litis
961 1018 1180 1078 contestatione
1199 1025 1349 1076 summota

49 1129 70 1176 ct
86 1120 204 1179 omnibus
226 1119 491 1194 ,frustrationibus
515 1121 694 1196 amputatis“
719 1137 807 1198 quam
828 1119 983 1179 celerrime
999 1137 1110 1179 caussa
1130 1120 1348 1179 diiudicabatur

48 1219 74 1278 ci.
86 1219 393 1298 Bethmann·Hollweg
413 1221 432 1278 l.
449 1221 468 1278 l.
492 1240 521 1298 p.
539 1221 598 1282 342
615 1240 699 1298 seqq.
733 1222 849 1282 Merces
865 1223 1006 1282 statuitur
1027 1240 1082 1300 pro
1098 1221 1207 1282 officiis
1229 1221 1347 1280 univer-

48 1323 78 1380 sis
90 1323 113 1379 in
131 1323 177 1382 tali
192 1341 303 1383 caussa
322 1324 484 1401 praestitis.
501 1357 539 1368 -
563 1322 602 1383 82
618 1325 682 1383 init.
706 1340 761 1396 opu
784 1324 919 1382 traditur.
942 1356 981 1368 -
1005 1325 1045 1383 84
1061 1341 1144 1400 seqq.
1167 1323 1204 1381 ad
1226 1306 1345 1382 libellos

46 1423 153 1484 forenses
174 1424 353 1486 scribendos
376 1443 443 1484 oum
466 1425 639 1485 scholastici
662 1426 783 1485 omnino
805 1443 865 1485 non
886 1424 1101 1486 descenderent
1122 1424 1173 1501 (ci.
1195 1424 1215 1483 l.
1235 1427 1249 1484 l
1273 1421 1341 1500 §ll

46 1524 73 1582 D.
90 1528 117 1583 do
136 1537 198 1586 cco.
217 1545 295 1604 copo.
319 1526 480 1603 (50‚13)),
503 1527 572 1586 huic
594 1528 713 1604 negotio
734 1527 784 1586 hic
806 1537 964 1604 acceptores
986 1545 1111 1586 vacame
1133 1527 1287 1600 discimus,
1309 1525 1346 1584 de

44 1629 125 1701 quihus
144 1629 243 1688 videas
259 1627 587 1706 Bethmann-Hollweg
608 1629 627 1687 l.
643 1629 662 1686 l.
685 1647 714 1704 p.
730 1628 788 1688 153
804 1647 886 1705 seqq.
920 1631 1080 1688 Annonam
1102 1647 1169 1688 cum
1186 1629 1207 1686 ii
1223 1633 1345 1686 omnino

43 1745 85 1786 non
102 1731 269 1808 acciperent,
294 1731 386 1791 lucris
410 1731 473 1790 suis
495 1731 605 1790 victum
627 1731 822 1808 quaerebant.
859 1730 944 1790 Alibi
966 1749 1068 1790 eorum
1091 1731 1159 1790 loco
1182 1730 1345 1789 tabelliones

43 1840 289 1892 commemorantur.
314 1865 352 1876 -
376 1833 415 1892 37
431 1833 480 1891 fin.
502 1851 547 1891 mo
568 1832 700 1910 lapicida
721 1833 832 1892 omisit.
854 1865 896 1876 —
918 1832 957 1892 39
979 1851 1043 1910 seq.
1066 1836 1096 1890 ia
1118 1833 1236 1908 definito
1256 1849 1345 1891 cocao

43 1932 156 1992 cittis
176 1935 290 2010 definito
309 1937 436 2011 nepotio:
463 1936 482 1994 i.
498 1953 524 1994 e.
546 1953 601 2012 pro
624 1934 733 1994 officiis
756 1935 895 1994 omnihus
921 1935 952 1994 in
974 1953 1035 1992 una
1056 1951 1167 1995 caussa
1188 1951 1283 2010 usque
1305 1934 1345 1992 ad

44 2033 85 2092 cius
102 2037 183 2094 linem
205 2037 362 2114 praestitis
384 2037 422 2096 ci.
439 2053 532 2114 supra
553 2036 591 2096 ad
612 2055 660 2096 vv.
677 2037 712 2096 31
732 2053 816 2114 seqq.
832 2069 873 2080 -
896 2037 933 2094 41
952 2055 1034 2114 seqq.
1052 2045 1149 2096 corto.-
1171 2055 1242 2096 cave
1264 2035 1343 2112 cogi-

47 2145 71 2192 tes
87 2137 117 2194 de
131 2139 331 2210 chartulariis,
354 2140 406 2216 qui
420 2159 439 2198 a
452 2140 542 2198 rebus
557 2138 729 2199 forensibus
751 2139 782 2196 in
797 2139 969 2198 universum
985 2138 1122 2198 videntur
1137 2137 1226 2198 alieni
1249 2137 1343 2196 luisse

44 2234 75 2308 (ci.
91 2238 415 2318 Bethmann-Hollweg
435 2242 455 2298 l.
471 2241 492 2299 l.
514 2261 543 2318 p.
561 2241 651 2317 155);
678 2241 769 2300 immo
790 2259 846 2317 pro
868 2241 970 2299 charta
992 2241 1022 2299 in
1043 2240 1152 2300 libellis
1176 2241 1342 2300 scribendis

42 2351 183 2419 consumpta
203 2351 348 2420 qnantum
370 2363 389 2402 a
403 2343 590 2420 litigantibus
612 2343 734 2420 exigere
756 2343 845 2402 liceat
865 2343 914 2400 hio
935 2343 1087 2401 statuitur.
1103 2373 1144 2386 -
1166 2342 1207 2418 [v.
1223 2341 1263 2400 ts
1287 2359 1342 2418 pro

42 2445 170 2502 circuilu
197 2445 375 2504 crediderim
401 2445 432 2504 in
458 2443 557 2522 lapide
585 2462 654 2505 esse
680 2459 842 2517 stnovtns,
874 2444 945 2502 item
967 2462 995 2504 v.
1017 2445 1057 2502 44
1086 2458 1260 2517 Qtnrrvoa
1285 2461 1341 2520 pro

41 2554 188 2618 Qatsnos,
217 2546 300 2622 quod
322 2545 459 2605 traditur.
488 2545 547 2605 ΤΗ.
563 2546 618 2622 Μ.]
642 2579 680 2590 -·
703 2547 743 2606 45
765 2546 893 2606 traditur
915 2561 997 2617 Qyta.
1021 2579 1060 2590 -
1088 2545 1127 2606 46
1150 2546 1220 2605 item
1243 2561 1341 2606 oroa-

39 2655 121 2714 nmr3
148 2647 304 2707 libelleosis
326 2649 392 2720 erit,
414 2649 464 2725 qui
487 2647 721 2725 supplicationes
742 2648 874 2707 cuiusvis
896 2647 1015 2725 generis
1037 2665 1092 2723 pro
1114 2647 1250 2707 mercede
1271 2663 1342 2705 con·

39 2745 156 2807 scribebat
175 2749 325 2827 praesidis
348 2749 448 2809 officio
470 2750 540 2808 item
563 2749 754 2828 adgregatos.
778 2781 817 2793 -
840 2749 880 2809 48
902 2749 939 2808 cl.
955 2767 1049 2828 supra
1071 2750 1109 2808 ad
1132 2768 1178 2808 vv.
1196 2747 1236 2807 90
1256 2765 1339 2825 seqq.

65 2863 186 2929 Ceterum
209 2869 292 2946 quod
316 2871 466 2948 sportulas
487 2879 518 2930 ct
540 2879 678 2947 sumptus
700 2871 731 2930 in
753 2870 871 2930 iudiciis
894 2869 1039 2930 iaciendis
1061 2890 1081 2930 a
1095 2869 1198 2947 quinto
1221 2867 1339 2928 demum

38 2969 130 3027 asculo
149 2972 248 3031 medio
270 2972 402 3050 legitime
425 2973 585 3033 constituta
600 2990 667 3032 esse
684 2973 788 3032 scribit
802 2969 1126 3050 Bethmann-Hollweg
1146 2973 1167 3030 l.
1182 2971 1202 3031 l.
1226 2989 1255 3048 p.
1269 2970 1340 3044 200,

37 3065 58 3122 id
74 3070 249 3148 aliquatenus
273 3081 401 3152 apparet
420 3074 627 3152 corrigendum
650 3091 717 3134 csse
738 3073 861 3134 invento
882 3074 939 3134 hoc
960 3083 1161 3135 monumento.
1194 3127 1198 3136 .

1031 3387 1339 3398 m—-a

37 3645 87 3707 098
106 3653 253 3732 Timghad
276 3675 338 3733 rap.
361 3659 391 3716 in
412 3659 479 3717 loro
501 3659 586 3717 iuxta
607 3679 636 3718 n.
653 3657 722 3720 696.

509 3883 528 3921 o
877 3865 922 3922 ’0

312 4012 440 4056 annio
462 4014 638 4057 arminio
663 4013 714 4058 oo
743 4013 819 4058 sino
841 4013 940 4058 rvsno
962 4013 980 4056 c
1002 4015 1044 4056 nn

313 4117 355 4158 rur
387 4115 584 4158 rtnvrnnr
607 4115 712 4159 enoc
739 4115 932 4160 rancrvs
965 4117 1043 4157 nnn

312 4217 585 4260 rnaorrtrsnsrs
619 4217 673 4262 rte.
703 4205 713 4263 l
738 4217 919 4260 santur
984 4215 1044 4259 no

312 4319 909 4374 nnTtrLAMtNtSp.9.aerott
973 4320 988 4357 o

247 4423 260 4464 9
310 4419 1042 4466 conctttvtnnttoa.arn1csse

33 4630 118 4700 Poolle
137 4665 189 4708 rec.
211 4650 245 4708 do
271 4648 365 4709 Gootst.
380 4648 479 4708 XXII
502 4649 612 4726 (1883)
634 4669 664 4727 p.
681 4649 740 4709 357
763 4669 792 4709 n.
811 4650 880 4708 100.

66 4761 76 4814 l
97 4774 143 4823 ant
162 4777 208 4828 est
227 4769 401 4847 legendumc
423 4787 516 4848 puero
538 4769 725 4846 cauciacimo)
746 4765 835 4850 Anias·
855 4777 912 4828 cet.
935 4779 986 4828 aut
1008 4767 1120 4827 excidit
1140 4781 1240 4826 unac
1266 4772 1335 4826 ante

34 4855 144 4939 alteram,
164 4888 232 4930 nam
251 4890 342 4948 puero
358 4873 402 4930 sic
419 4871 497 4931 nude
510 4871 643 4932 offendit.
678 4871 787 4948 [Magis
809 4870 985 4931 crediderim
1007 4870 1095 4948 plura
1108 4867 1233 4926 delicere
1255 4869 1335 4926 hunc

34 4955 56 5014 ln
77 4967 182 5030 nouum
203 4972 332 5049 Do[aoto
359 4973 534 5049 cloristimo
557 4993 663 5051 poero,
692 4992 759 5033 cum
786 4975 877 5033 etiam
905 4973 1062 5050 sequeutia
1086 4968 1240 5030 vocabulis
1269 4987 1334 5045 per-

35 5063 130 5140 scriptis
149 5073 195 5132 rel
217 5074 326 5134 additis
347 5075 430 5134 nullo
452 5076 573 5152 negotio
595 5075 733 5152 ampliari
754 5075 881 5152 possint
924 5075 983 5134 Ta.
999 5073 1054 5150 td]

66 5179 105 5242 De
124 5187 155 5249 0.
170 5193 268 5253 Annio
290 5194 437 5254 Flaviano
458 5194 519 5254 vid.
542 5215 570 5254 n.
588 5195 664 5268 699,
692 5195 728 5253 de
756 5195 884 5254 concilio
910 5189 993 5274 prov.
1016 5192 1138 5252 Africae
1159 5189 1336 5266 Marquardt

35 5281 85 5353 ⁰1¹¹·
99 5291 182 5368 epigr.
195 5295 218 5368 l,
234 5294 292 5355 212
308 5313 382 5374 seq,
404 5298 443 5356 cf.
460 5295 498 5356 Ο.
511 5295 684 5358 Hirschfeld
700 5315 768 5355 aun.
784 5297 854 5356 inst.
867 5296 946 5355 arch.
960 5295 1047 5355 Rom.
1062 5291 1141 5353 1868
1156 5310 1186 5368 p.
1199 5292 1237 5352 69
1250 5309 1333 5369 seqq.
