3444 5932
412 621 1017 676 ousnuvsnounsurracsrniosn.
1310 601 1381 674 139

85 808 107 858 et
123 799 243 872 ipserum
262 795 433 856 scholarum
455 797 580 856 duarum
602 797 714 856 mentio
735 796 769 854 fit
789 797 921 872 equitum
943 805 974 856 et
994 794 1126 872 peditum
1145 795 1325 874 stipendium
1343 813 1384 854 ex

84 897 453 976 publicosccipientium1).
493 897 695 975 Appellantur
717 898 783 956 solo
805 897 1033 956 domesticorum
1052 897 1212 970 vocabulo,
1234 907 1386 974 protecto-

84 1019 136 1060 rum
154 998 226 1076 spud
245 997 365 1058 Gothos
387 1017 447 1060 non
469 1001 626 1077 reperitur.

114 1102 137 1160 li
155 1101 295 1162 contrario
318 1101 400 1178 spud
415 1099 570 1160 Vaudelos
593 1102 748 1160 domestici
770 1101 821 1178 qui
843 1111 956 1160 certum
978 1101 1010 1160 in
1029 1120 1061 1160 re
1079 1100 1200 1178 publicai
1219 1101 1316 1160 locum
1331 1102 1385 1160 ob·

84 1205 174 1264 ineant
191 1202 262 1262 nulli
283 1201 524 1279 reperiuntur2).
548 1235 586 1246 —
609 1202 746 1263 Francici
766 1203 850 1280 regni
865 1202 1053 1276 domestici³)
1071 1203 1095 1260 si
1111 1202 1229 1280 quidem
1246 1207 1384 1280 expressi

84 1313 137 1364 suut
153 1305 188 1364 ad
207 1323 266 1362 reni
291 1303 443 1380 publicem
465 1303 685 1377 Romanorum,
713 1305 753 1364 ad
777 1313 961 1382 protectores
988 1305 1169 1364 domesticos
1195 1305 1385 1382 imperatoris

83 1405 227 1483 redigentur
246 1423 373 1465 necesse
394 1415 456 1476 est;
479 1415 674 1482 poteruntque
697 1407 798 1482 nliquo
812 1407 902 1466 modo
916 1407 1083 1482 comperiri
1099 1406 1241 1465 militibus
1255 1405 1315 1464 illis
1334 1417 1387 1464 sut

84 1517 180 1585 propter
199 1507 347 1584 stipendis
369 1509 494 1568 emerite
516 1517 567 1566 aut
585 1517 707 1584 propter
725 1526 821 1584 genus
836 1509 1002 1585 insignibus
1018 1508 1138 1568 selectis
1153 1507 1191 1566 ed
1207 1507 1291 1584 regis
1304 1507 1386 1566 iussu

85 1607 238 1686 exequenda
283 1605 346 1668 Sed
367 1609 513 1685 quidquid
534 1609 671 1668 instituto
691 1609 828 1668 Romano
850 1610 1001 1686 proprium
1024 1619 1070 1668 est
1091 1619 1121 1668 et
1141 1609 1256 1668 formos
1277 1616 1385 1680 certse,

86 1721 182 1770 stiunt
201 1711 324 1770 comites
347 1710 578 1770 domesticorum
600 1721 631 1768 et
651 1711 783 1786 equitum
806 1712 997 1788 peditumque
1019 1711 1141 1771 scholiis
1163 1711 1281 1788 alisque
1298 1711 1387 1787 plura

86 1832 134 1872 can
151 1813 222 1890 sputl
237 1811 375 1872 Francos
397 1831 457 1870 non
478 1813 677 1886 inveniantur,
699 1833 716 1872 c
732 1813 880 1872 contrusio
895 1831 968 1872 cure
981 1814 1120 1872 villarum
1135 1813 1387 1890 praediorumque

87 1915 204 1990 regiorum
223 1923 284 1974 mm
308 1913 467 1974 Francicis
489 1913 662 1974 domesticis
684 1915 807 1990 propriu
821 1916 860 1974 sit
874 1933 964 1990 quam
980 1933 998 1972 a
1012 1915 1231 1992 protectoribus
1247 1913 1387 1972 domesti-

91 2016 257 2076 iirliominie
279 2017 392 2086 elisua,
413 2015 549 2091 equidem
570 2015 746 2076 crediderim
770 2016 826 2076 bos
849 2017 973 2094 originis
993 2035 1061 2077 esse
1076 2015 1274 2076 Germanicae
1291 2027 1321 2074 et
1335 2035 1387 2074 vo·

95 2117 166 2176 etue
184 2126 297 2178 tentum
320 2117 457 2178 Latinos.

621 2297 824 2306 --—·—-——--

119 2505 262 2568 domestici
284 2510 326 2568 de
348 2509 456 2585 quibus
478 2510 593 2586 egimus
615 2529 680 2568 cum
704 2517 861 2586 propterea
881 2510 924 2568 itu
944 2510 1143 2588 appellentur,
1164 2511 1246 2586 quod
1267 2527 1386 2570 versen-

90 2617 123 2664 tur
138 2610 162 2668 iu
180 2612 265 2671 domo
288 2611 479 2690 imperatoris
501 2609 550 2684 (C.
567 2611 623 2670 Tb.
641 2611 669 2684 6,
685 2609 736 2681 24,
752 2612 799 2686 8),
826 2611 863 2668 de
889 2612 1061 2672 domesticis
1087 2612 1269 2688 privatorum
1297 2629 1387 2686 quae·

90 2709 139 2766 diui
156 2711 286 2771 addendis
310 2722 395 2784 sunt,
424 2713 565 2789 quonism
588 2713 610 2770 ii
632 2722 662 2770 et
683 2713 741 2789 ipsi
762 2713 839 2772 inter
860 2713 960 2772 officis
980 2722 1062 2772 certe
1083 2723 1114 2772 et
1133 2713 1253 2790 publica
1277 2714 1389 2789 recepti

89 2811 281 2888 ambiguitatem
304 2825 458 2892 generent,
480 2813 565 2874 cuius
587 2815 640 2890 qui
660 2815 790 2874 lomes
811 2815 885 2874 bsec
899 2815 1047 2874 curabunt
1061 2814 1196 2876 videntur
1210 2814 1388 2874 admonendi

89 2927 145 2972 tiit.

118 3015 212 3076 Officii
232 3019 356 3095 publica
375 3019 427 3093 qui
450 3017 671 3090 udmiuistruut,
696 3019 735 3078 iis
755 3027 873 3096 prester
895 3019 1041 3080 officiales
1069 3020 1204 3080 mercede
1224 3018 1388 3079 conductos

89 3116 174 3178 iduum
192 3121 315 3180 comites
337 3121 451 3180 ordinis
471 3120 667 3192 honestioris,
692 3121 745 3196 qui
765 3119 834 3180 licet
856 3137 976 3198 operum
999 3121 1069 3180 dent
1091 3123 1121 3180 in
1143 3141 1176 3180 re
1198 3121 1318 3198 publica
1339 3121 1389 3178 ad·

90 3220 256 3280 mniitrenda
278 3231 311 3282 et
331 3233 491 3300 propterca
511 3222 571 3280 iam
592 3221 704 3280 liberae
726 3223 769 3282 rei
790 3223 928 3298 publicae
950 3232 1047 3282 setstc
1062 3223 1098 3282 de
1113 3223 1232 3298 publico
1249 3223 1390 3282 salarium

90 3321 219 3398 accipiant,
239 3343 311 3383 vere
331 3341 428 3400 neque
449 3323 596 3382 officiales
618 3333 689 3382 sunt
709 3341 805 3400 neque
827 3326 1029 3401 magistratus,
1052 3325 1131 3384 unde
1145 3322 1263 3384 Notitia
1277 3323 1391 3402 Digna·

89 3421 145 3480 iun
163 3432 301 3502 utrosque
322 3443 480 3484 recensens
503 3425 560 3484 boc
581 3441 674 3502 genus
696 3425 784 3500 plane
806 3427 917 3485 omisit.
953 3425 1084 3503 Propius
1106 3435 1205 3484 temen
1225 3427 1263 3484 ad
1283 3426 1391 3502 magis·

90 3532 166 3584 tritus
185 3529 343 3598 accedunt3
370 3526 449 3586 unde
470 3544 599 3602 corpore
622 3526 696 3585 iuris
724 3526 927 3603 (Dig.1,22;
954 3526 1030 3588 Cod.
1053 3527 1169 3586 Theod.
1187 3527 1287 3597 1‚35;
1316 3523 1391 3585 Ocd.

89 3621 146 3682 lust
162 3629 253 3704 1,51)
279 3628 318 3688 de
339 3629 378 3687 iis
400 3636 491 3704 egunt
511 3629 541 3686 in
563 3629 622 3688 tine
646 3635 791 3686 uectatus
818 3629 855 3686 de
881 3629 1105 3707 magistratibus
1132 3629 1260 3706 publicis
1287 3627 1392 3705 populi

89 3721 203 3788 Romam.
249 3730 333 3790 Inter
358 3729 509 3788 adiutores
535 3747 589 3788 sos
614 3748 680 3788 cum
707 3748 761 3806 per
786 3730 911 3790 multum
937 3741 1054 3806 tempus
1082 3730 1182 3790 nullus
1209 3729 1338 3788 emineat
1363 3737 1393 3787 et

90 3835 179 3888 eertum
199 3831 228 3890 in
247 3852 279 3890 re
301 3831 421 3909 publicu
440 3831 539 3890 locum
560 3838 661 3890 teneat
681 3838 799 3906 prseter
825 3831 1030 3903 adsessorem,
1057 3841 1162 3908 postes
1189 3831 1249 3890 duo
1277 3830 1327 3888 alii
1354 3831 1393 3888 sd

91 3925 152 3986 lunc
170 3933 308 3992 accedunt
329 3933 510 3992 domesticus
537 3939 567 3990 et
592 3933 803 4002 cancellarium
830 3951 890 4009 quo
917 3935 1066 4009 pertinent
1091 3934 1169 3992 tituli
1197 3933 1284 3991 modo
1310 3933 1393 3990 citati

92 4029 222 4108 utriusque
242 4035 355 4093 codicis
378 4035 413 4093 de
433 4034 645 4103 adsessoribus,
673 4035 831 4092 domesticis
854 4045 880 4092 et
900 4037 1090 4096 cancellariis.
1133 4035 1173 4093 Et
1195 4043 1227 4092 ut
1248 4034 1393 4092 cancellu-

91 4129 151 4188 riun
169 4135 343 4209 omittemus,
364 4135 520 4195 domestici
540 4135 666 4212 huius⁴)
689 4155 727 4193 ex
742 4137 905 4196 matriculis
919 4155 996 4214 quse
1012 4144 1173 4214 supersunt
1188 4155 1247 4194 una
1261 4135 1395 4195 meminit

92 4318 269 4340 Q.—

139 4451 493 4522 Ι)1Ιιτ.10,11(εἱ.11)ι
521 4460 709 4526 primiceriam
732 4462 776 4528 pui'
799 4468 823 4511 et
845 4460 1021 4511 domesticatus
1042 4460 1184 4510 ruminetis
1208 4457 1240 4508 ub
1259 4457 1395 4509 indictione

94 4535 128 4592 il
131 4541 151 4594 V
164 4547 206 4598 titt
220 4551 368 4616 conferimus
386 4549 541 4617 dipiiituteiii.
579 4552 647 4601 Vide
666 4567 743 4618 supra
761 4569 786 4618 p.
803 4553 863 4602 137.

139 4635 160 4698 ²)
176 4639 237 4693 Nem
256 4644 325 4708 qnod
344 4657 391 4693 rex
412 4643 559 4694 Geisericus
578 4659 635 4693 cuni
654 4644 766 4708 quodem
784 4659 817 4694 ex
837 4645 986 4710 proceribus
1004 4645 1117 4710 loquitur
1133 4641 1307 4712 praesentibus
1329 4641 1394 4707 epis·

95 4729 152 4792 ⁰⁰1³st
166 4739 230 4798 utque
248 4733 391 4786 domesticis
408 4735 461 4785 suis
480 4734 580 4794 (Victor
592 4735 707 4786 vitensis
721 4739 746 4798 1,
761 4734 786 4796 6,
803 4735 859 4798 19),
886 4745 974 4801 sperte
993 4737 1069 4786 aulici
1091 4737 1235 4786 saeculeres
1258 4735 1296 4783 its
1318 4732 1395 4796 signi·

96 4815 191 4885 linitur,
208 4827 371 4891 nmiliterque
391 4827 534 4890 accipiendi
552 4834 611 4876 suut
629 4827 762 4877 domestici
782 4828 878 4878 ibidem
900 4827 1031 4889 1,11,3t
1051 4835 1077 4876 et
1097 4829 1121 4888 2,
1136 4829 1161 4889 t,
1177 4829 1220 4876 24.
1256 4823 1318 4875 sito
1337 4823 1395 4872 loco

98 4907 118 4968 ³5
129 4911 156 4959 2⁷
174 4932 203 4958 =
221 4918 275 4979 5,4
293 4919 362 4969 idem
383 4918 535 4968 vocabulum
554 4919 606 4968 ism
625 4919 754 4968 subletum
773 4927 812 4970 est
830 4925 919 4984 utpote
937 4919 1127 4984 interpolatum.

143 4999 164 5063 ⁸)
180 5005 217 5058 De
233 5010 264 5059 iis
282 5011 358 5076 plene
377 5012 499 5075 exposuit
510 5011 638 5061 waitzius
657 5007 771 5061 deiitsclie
787 5007 1094 5077 Versussuriqeqesclicdte
1112 5007 1172 5071 11¹,
1194 5011 1210 5057 2
1229 5023 1254 5072 p.
1269 5007 1303 5056 45
1324 5019 1377 5069 seq.

144 5091 165 5155 Ι)
180 5097 234 5164 Egit
250 5102 282 5152 de
301 5103 444 5153 domestice
463 5102 513 5153 boc
532 5101 709 5154 Gotbotredus
728 5103 762 5152 sd
781 5101 910 5165 c.'rn,1,
933 5105 966 5153 ln
987 5102 1049 5165 (lem
1070 5101 1115 5162 35)
1142 5107 1167 5150 et
1185 5101 1213 5149 in
1231 5097 1353 5162 pantitm
1372 5103 1398 5144 et

101 5179 126 5228 ¹²¹
140 5182 180 5234 [3
197 5192 267 5242 iolits
285 5193 411 5256 doctrine,
431 5209 484 5245 non
503 5195 580 5245 solito
597 5195 728 5245 felicitate.
761 5194 881 5245 conferri
900 5201 1020 5260 poterunt
1038 5197 1100 5244 item
1118 5194 1270 5257 interpretes
1285 5189 1319 5239 sd
1332 5189 1396 5240 Aui-

102 5285 193 5330 1¹uitium
211 5283 288 5347 lut,
303 5287 327 5336 1.
