<?xml version="1.0" encoding="UTF-8"?>
<!DOCTYPE html PUBLIC "-//W3C//DTD XHTML 1.0 Transitional//EN"
    "http://www.w3.org/TR/xhtml1/DTD/xhtml1-transitional.dtd">
<html xmlns="http://www.w3.org/1999/xhtml" xml:lang="en" lang="en">
 <head>
  <title>
</title>
<meta http-equiv="Content-Type" content="text/html;charset=utf-8" />
  <meta name='ocr-system' content='tesseract 3.04.00' />
  <meta name='ocr-capabilities' content='ocr_page ocr_carea ocr_par ocr_line ocrx_word'/>
</head>
<body>
  <div class='ocr_page' id='page_1' title='image "./ephemerisepigra11instgoog_0027.png"; bbox 0 0 3544 5932; ppageno 0'>
   <div class='ocr_carea' id='block_1_1' title="bbox 326 543 1660 615">
    <p class='ocr_par' dir='ltr' id='par_1_1' title="bbox 326 543 1660 615">
     <span class='ocr_line' id='line_1_1' title="bbox 326 543 1660 615; baseline -0.001 -3"><span class='ocrx_word' id='word_1_1' title='bbox 326 543 371 614; x_wconf 86' lang='grc'>16</span> <span class='ocrx_word' id='word_1_2' title='bbox 760 561 1035 614; x_wconf 75' lang='lat' dir='ltr'>anstrannum</span> <span class='ocrx_word' id='word_1_3' title='bbox 1062 563 1146 615; x_wconf 81' lang='lat' dir='ltr'>von.</span> <span class='ocrx_word' id='word_1_4' title='bbox 1166 563 1210 614; x_wconf 92' lang='lat'>111</span> <span class='ocrx_word' id='word_1_5' title='bbox 1627 561 1660 610; x_wconf 85' lang='lat'>15</span> 
     </span>
    </p>
   </div>
   <div class='ocr_carea' id='block_1_2' title="bbox 324 733 1673 4382">
    <p class='ocr_par' dir='ltr' id='par_1_2' title="bbox 324 733 1663 1101">
     <span class='ocr_line' id='line_1_2' title="bbox 324 733 1660 814; baseline -0.002 -20"><span class='ocrx_word' id='word_1_6' title='bbox 324 737 452 794; x_wconf 84' lang='lat' dir='ltr'>nabetur</span> <span class='ocrx_word' id='word_1_7' title='bbox 473 736 604 796; x_wconf 89' lang='lat' dir='ltr'>civitatis</span> <span class='ocrx_word' id='word_1_8' title='bbox 626 737 673 795; x_wconf 92' lang='lat' dir='ltr'>ius</span> <span class='ocrx_word' id='word_1_9' title='bbox 700 735 822 813; x_wconf 82' lang='lat' dir='ltr'>aliquod</span> <span class='ocrx_word' id='word_1_10' title='bbox 847 736 917 795; x_wconf 91' lang='lat' dir='ltr'>licet</span> <span class='ocrx_word' id='word_1_11' title='bbox 942 735 1117 814; x_wconf 81' lang='lat' dir='ltr'>peregrinae</span> <span class='ocrx_word' id='word_1_12' title='bbox 1144 736 1272 807; x_wconf 90' lang='lat' dir='ltr'>habens,</span> <span class='ocrx_word' id='word_1_13' title='bbox 1300 753 1359 794; x_wconf 90' lang='lat' dir='ltr'>nou</span> <span class='ocrx_word' id='word_1_14' title='bbox 1386 742 1447 793; x_wconf 89' lang='lat' dir='ltr'>tam</span> <span class='ocrx_word' id='word_1_15' title='bbox 1475 735 1505 792; x_wconf 91' lang='lat' dir='ltr'>in</span> <span class='ocrx_word' id='word_1_16' title='bbox 1527 733 1660 793; x_wconf 85' lang='lat' dir='ltr'>Polliam</span> 
     </span>
     <span class='ocr_line' id='line_1_3' title="bbox 324 835 1662 916; baseline -0.001 -22"><span class='ocrx_word' id='word_1_17' title='bbox 324 838 511 897; x_wconf 81' lang='lat' dir='ltr'>referebatur</span> <span class='ocrx_word' id='word_1_18' title='bbox 532 857 622 916; x_wconf 89' lang='lat' dir='ltr'>qnam</span> <span class='ocrx_word' id='word_1_19' title='bbox 643 839 674 896; x_wconf 91' lang='lat' dir='ltr'>in</span> <span class='ocrx_word' id='word_1_20' title='bbox 697 839 774 898; x_wconf 90' lang='lat' dir='ltr'>alias</span> <span class='ocrx_word' id='word_1_21' title='bbox 796 839 902 910; x_wconf 90' lang='lat' dir='ltr'>tribus,</span> <span class='ocrx_word' id='word_1_22' title='bbox 925 839 962 896; x_wconf 91' lang='lat' dir='ltr'>de</span> <span class='ocrx_word' id='word_1_23' title='bbox 984 837 1093 914; x_wconf 90' lang='lat' dir='ltr'>quibus</span> <span class='ocrx_word' id='word_1_24' title='bbox 1115 839 1172 897; x_wconf 91' lang='lat' dir='ltr'>hoc</span> <span class='ocrx_word' id='word_1_25' title='bbox 1193 837 1261 896; x_wconf 94' lang='lat' dir='ltr'>loco</span> <span class='ocrx_word' id='word_1_26' title='bbox 1282 837 1447 916; x_wconf 89' lang='lat' dir='ltr'>disputatio</span> <span class='ocrx_word' id='word_1_27' title='bbox 1466 855 1525 895; x_wconf 91' lang='lat' dir='ltr'>non</span> <span class='ocrx_word' id='word_1_28' title='bbox 1548 844 1593 894; x_wconf 88' lang='lat' dir='ltr'>eat</span> <span class='ocrx_word' id='word_1_29' title='bbox 1614 835 1662 892; x_wconf 90' lang='lat' dir='ltr'>in·</span> 
     </span>
     <span class='ocr_line' id='line_1_4' title="bbox 326 939 1663 1018; baseline -0.003 -20"><span class='ocrx_word' id='word_1_30' title='bbox 326 940 489 1013; x_wconf 81' lang='lat' dir='ltr'>stituenda3</span> <span class='ocrx_word' id='word_1_31' title='bbox 518 959 605 1018; x_wconf 90' lang='lat' dir='ltr'>quam</span> <span class='ocrx_word' id='word_1_32' title='bbox 628 940 666 998; x_wconf 93' lang='lat' dir='ltr'>ob</span> <span class='ocrx_word' id='word_1_33' title='bbox 687 959 750 999; x_wconf 92' lang='lat' dir='ltr'>rem</span> <span class='ocrx_word' id='word_1_34' title='bbox 772 940 802 997; x_wconf 91' lang='lat' dir='ltr'>in</span> <span class='ocrx_word' id='word_1_35' title='bbox 825 941 863 999; x_wconf 91' lang='lat' dir='ltr'>iis</span> <span class='ocrx_word' id='word_1_36' title='bbox 885 940 973 1014; x_wconf 91' lang='lat' dir='ltr'>solis,</span> <span class='ocrx_word' id='word_1_37' title='bbox 996 939 1101 1016; x_wconf 90' lang='lat' dir='ltr'>quiin</span> <span class='ocrx_word' id='word_1_38' title='bbox 1123 941 1244 998; x_wconf 82' lang='lat' dir='ltr'><strong>canabis</strong></span> <span class='ocrx_word' id='word_1_39' title='bbox 1267 941 1329 999; x_wconf 89' lang='lat' dir='ltr'>nati</span> <span class='ocrx_word' id='word_1_40' title='bbox 1350 949 1450 1012; x_wconf 89' lang='lat' dir='ltr'>erant,</span> <span class='ocrx_word' id='word_1_41' title='bbox 1472 939 1600 1011; x_wconf 87' lang='lat' dir='ltr'>mansit,</span> <span class='ocrx_word' id='word_1_42' title='bbox 1628 943 1663 995; x_wconf 89' lang='grc' dir='ltr'>ιιι</span> 
     </span>
     <span class='ocr_line' id='line_1_5' title="bbox 326 1041 985 1101; baseline -0.003 -1"><span class='ocrx_word' id='word_1_43' title='bbox 326 1042 446 1100; x_wconf 89' lang='lat' dir='ltr'>civitate</span> <span class='ocrx_word' id='word_1_44' title='bbox 468 1042 571 1100; x_wconf 89' lang='lat' dir='ltr'>donati</span> <span class='ocrx_word' id='word_1_45' title='bbox 593 1041 711 1100; x_wconf 83' lang='lat' dir='ltr'>Polliae</span> <span class='ocrx_word' id='word_1_46' title='bbox 734 1042 985 1101; x_wconf 81' lang='lat' dir='ltr'>adscriberentur.</span> 
     </span>
    </p>

    <p class='ocr_par' dir='ltr' id='par_1_3' title="bbox 327 1143 1668 3157">
     <span class='ocr_line' id='line_1_6' title="bbox 410 1143 1661 1222; baseline -0.002 -20"><span class='ocrx_word' id='word_1_47' title='bbox 410 1143 499 1219; x_wconf 83' lang='lat' dir='ltr'>Quod</span> <span class='ocrx_word' id='word_1_48' title='bbox 526 1144 553 1203; x_wconf 92' lang='lat' dir='ltr'>si</span> <span class='ocrx_word' id='word_1_49' title='bbox 582 1144 626 1201; x_wconf 92' lang='lat' dir='ltr'>ita</span> <span class='ocrx_word' id='word_1_50' title='bbox 652 1144 785 1202; x_wconf 89' lang='lat' dir='ltr'>videmus</span> <span class='ocrx_word' id='word_1_51' title='bbox 813 1145 844 1201; x_wconf 93' lang='lat' dir='ltr'>in</span> <span class='ocrx_word' id='word_1_52' title='bbox 873 1145 1023 1221; x_wconf 90' lang='lat' dir='ltr'>Aegypto,</span> <span class='ocrx_word' id='word_1_53' title='bbox 1051 1151 1130 1203; x_wconf 86' lang='lat' dir='ltr'>certe</span> <span class='ocrx_word' id='word_1_54' title='bbox 1158 1145 1277 1204; x_wconf 90' lang='lat' dir='ltr'>saeculo</span> <span class='ocrx_word' id='word_1_55' title='bbox 1299 1145 1410 1222; x_wconf 91' lang='lat' dir='ltr'>primo,</span> <span class='ocrx_word' id='word_1_56' title='bbox 1442 1143 1572 1202; x_wconf 86' lang='lat' dir='ltr'>fortasse</span> <span class='ocrx_word' id='word_1_57' title='bbox 1605 1143 1661 1201; x_wconf 90' lang='lat' dir='ltr'>sub</span> 
     </span>
     <span class='ocr_line' id='line_1_7' title="bbox 328 1244 1664 1322; baseline -0.002 -18"><span class='ocrx_word' id='word_1_58' title='bbox 328 1249 463 1322; x_wconf 87' lang='lat' dir='ltr'>Augusto</span> <span class='ocrx_word' id='word_1_59' title='bbox 486 1245 533 1306; x_wconf 89' lang='lat' dir='ltr'>vel</span> <span class='ocrx_word' id='word_1_60' title='bbox 548 1245 671 1304; x_wconf 88' lang='lat' dir='ltr'>Tiberio</span> <span class='ocrx_word' id='word_1_61' title='bbox 693 1245 829 1304; x_wconf 88' lang='lat' dir='ltr'>homines</span> <span class='ocrx_word' id='word_1_62' title='bbox 851 1245 881 1302; x_wconf 92' lang='lat' dir='ltr'>in</span> <span class='ocrx_word' id='word_1_63' title='bbox 904 1247 1012 1305; x_wconf 89' lang='lat' dir='ltr'>castris</span> <span class='ocrx_word' id='word_1_64' title='bbox 1035 1265 1074 1304; x_wconf 85' lang='lat' dir='ltr'>ex</span> <span class='ocrx_word' id='word_1_65' title='bbox 1093 1247 1289 1306; x_wconf 90' lang='lat' dir='ltr'>contubernio</span> <span class='ocrx_word' id='word_1_66' title='bbox 1305 1247 1432 1306; x_wconf 89' lang='lat' dir='ltr'>militum</span> <span class='ocrx_word' id='word_1_67' title='bbox 1448 1265 1515 1305; x_wconf 90' lang='lat' dir='ltr'>cum</span> <span class='ocrx_word' id='word_1_68' title='bbox 1531 1244 1664 1304; x_wconf 88' lang='lat' dir='ltr'>mulieri·</span> 
     </span>
     <span class='ocr_line' id='line_1_8' title="bbox 327 1347 1663 1426; baseline -0.003 -19"><span class='ocrx_word' id='word_1_69' title='bbox 327 1351 383 1408; x_wconf 89' lang='lat' dir='ltr'>bus</span> <span class='ocrx_word' id='word_1_70' title='bbox 406 1348 571 1426; x_wconf 88' lang='lat' dir='ltr'>peregrinis</span> <span class='ocrx_word' id='word_1_71' title='bbox 593 1347 736 1406; x_wconf 90' lang='lat' dir='ltr'>oriundos</span> <span class='ocrx_word' id='word_1_72' title='bbox 758 1356 787 1405; x_wconf 88' lang='lat' dir='ltr'>et</span> <span class='ocrx_word' id='word_1_73' title='bbox 808 1356 969 1426; x_wconf 89' lang='lat' dir='ltr'>propterea</span> <span class='ocrx_word' id='word_1_74' title='bbox 991 1347 1109 1406; x_wconf 88' lang='lat' dir='ltr'>civitate</span> <span class='ocrx_word' id='word_1_75' title='bbox 1131 1358 1266 1408; x_wconf 81' lang='lat' dir='ltr'>carentes</span> <span class='ocrx_word' id='word_1_76' title='bbox 1288 1347 1389 1426; x_wconf 90' lang='lat' dir='ltr'>aliquo</span> <span class='ocrx_word' id='word_1_77' title='bbox 1411 1366 1534 1407; x_wconf 90' lang='lat' dir='ltr'>numero</span> <span class='ocrx_word' id='word_1_78' title='bbox 1554 1347 1591 1404; x_wconf 92' lang='lat' dir='ltr'>ad</span> <span class='ocrx_word' id='word_1_79' title='bbox 1608 1347 1663 1405; x_wconf 92' lang='lat' dir='ltr'>mi·</span> 
     </span>
     <span class='ocr_line' id='line_1_9' title="bbox 327 1449 1663 1527; baseline -0.001 -19"><span class='ocrx_word' id='word_1_80' title='bbox 327 1452 420 1509; x_wconf 84' lang='lat' dir='ltr'>liliam</span> <span class='ocrx_word' id='word_1_81' title='bbox 444 1458 597 1527; x_wconf 88' lang='lat' dir='ltr'>paternam</span> <span class='ocrx_word' id='word_1_82' title='bbox 621 1449 768 1509; x_wconf 88' lang='lat' dir='ltr'>admissos</span> <span class='ocrx_word' id='word_1_83' title='bbox 792 1468 872 1521; x_wconf 87' lang='lat' dir='ltr'>esse,</span> <span class='ocrx_word' id='word_1_84' title='bbox 898 1450 929 1508; x_wconf 94' lang='lat' dir='ltr'>id</span> <span class='ocrx_word' id='word_1_85' title='bbox 952 1456 985 1506; x_wconf 93' lang='grc' dir='ltr'>ιιι</span> <span class='ocrx_word' id='word_1_86' title='bbox 1010 1449 1131 1508; x_wconf 92' lang='lat' dir='ltr'>omnino</span> <span class='ocrx_word' id='word_1_87' title='bbox 1158 1451 1298 1509; x_wconf 86' lang='lat' dir='ltr'>abhorret</span> <span class='ocrx_word' id='word_1_88' title='bbox 1324 1471 1342 1508; x_wconf 90' lang='lat' dir='ltr'>a</span> <span class='ocrx_word' id='word_1_89' title='bbox 1367 1451 1527 1527; x_wconf 82' lang='lat' dir='ltr'>disciplina</span> <span class='ocrx_word' id='word_1_90' title='bbox 1553 1449 1663 1508; x_wconf 89' lang='lat' dir='ltr'>aetatis</span> 
     </span>
     <span class='ocr_line' id='line_1_10' title="bbox 329 1551 1664 1629; baseline -0.001 -19"><span class='ocrx_word' id='word_1_91' title='bbox 329 1553 475 1626; x_wconf 89' lang='lat' dir='ltr'>melioris,</span> <span class='ocrx_word' id='word_1_92' title='bbox 502 1554 544 1610; x_wconf 91' lang='lat' dir='ltr'>ita</span> <span class='ocrx_word' id='word_1_93' title='bbox 565 1551 727 1611; x_wconf 89' lang='lat' dir='ltr'>verisimile</span> <span class='ocrx_word' id='word_1_94' title='bbox 750 1560 795 1610; x_wconf 91' lang='lat' dir='ltr'>est</span> <span class='ocrx_word' id='word_1_95' title='bbox 818 1553 849 1610; x_wconf 90' lang='lat' dir='ltr'>in</span> <span class='ocrx_word' id='word_1_96' title='bbox 871 1553 1011 1628; x_wconf 82' lang='lat' dir='ltr'>Aegypto</span> <span class='ocrx_word' id='word_1_97' title='bbox 1035 1551 1180 1611; x_wconf 87' lang='lat' dir='ltr'>maturius</span> <span class='ocrx_word' id='word_1_98' title='bbox 1203 1571 1292 1629; x_wconf 89' lang='lat' dir='ltr'>quam</span> <span class='ocrx_word' id='word_1_99' title='bbox 1314 1552 1385 1611; x_wconf 91' lang='lat' dir='ltr'>alibi</span> <span class='ocrx_word' id='word_1_100' title='bbox 1408 1552 1572 1610; x_wconf 88' lang='lat' dir='ltr'>admissum</span> <span class='ocrx_word' id='word_1_101' title='bbox 1595 1569 1664 1609; x_wconf 85' lang='lat' dir='ltr'>esse</span> 
     </span>
     <span class='ocr_line' id='line_1_11' title="bbox 328 1651 1665 1732; baseline -0.004 -18"><span class='ocrx_word' id='word_1_102' title='bbox 328 1665 359 1714; x_wconf 89' lang='lat' dir='ltr'>et</span> <span class='ocrx_word' id='word_1_103' title='bbox 379 1655 448 1712; x_wconf 89' lang='lat' dir='ltr'>inde</span> <span class='ocrx_word' id='word_1_104' title='bbox 469 1654 599 1713; x_wconf 86' lang='lat' dir='ltr'>fortasse</span> <span class='ocrx_word' id='word_1_105' title='bbox 622 1663 654 1712; x_wconf 92' lang='lat' dir='ltr'>ut</span> <span class='ocrx_word' id='word_1_106' title='bbox 668 1653 728 1710; x_wconf 90' lang='lat' dir='ltr'>alia</span> <span class='ocrx_word' id='word_1_107' title='bbox 742 1654 884 1731; x_wconf 88' lang='lat' dir='ltr'>pleraque</span> <span class='ocrx_word' id='word_1_108' title='bbox 899 1654 936 1711; x_wconf 90' lang='lat' dir='ltr'>ad</span> <span class='ocrx_word' id='word_1_109' title='bbox 952 1655 1124 1712; x_wconf 83' lang='lat' dir='ltr'>universum</span> <span class='ocrx_word' id='word_1_110' title='bbox 1140 1654 1296 1730; x_wconf 90' lang='lat' dir='ltr'>imperium</span> <span class='ocrx_word' id='word_1_111' title='bbox 1312 1662 1519 1732; x_wconf 88' lang='lat' dir='ltr'>propagatum.</span> <span class='ocrx_word' id='word_1_112' title='bbox 1553 1651 1665 1711; x_wconf 82' lang='lat' dir='ltr'>Castra</span> 
     </span>
     <span class='ocr_line' id='line_1_12' title="bbox 328 1755 1664 1834; baseline -0.003 -19"><span class='ocrx_word' id='word_1_113' title='bbox 328 1757 467 1815; x_wconf 85' lang='lat' dir='ltr'>Romana</span> <span class='ocrx_word' id='word_1_114' title='bbox 485 1755 694 1814; x_wconf 84' lang='lat' dir='ltr'>Alexandreae</span> <span class='ocrx_word' id='word_1_115' title='bbox 717 1772 785 1813; x_wconf 89' lang='lat' dir='ltr'>esse</span> <span class='ocrx_word' id='word_1_116' title='bbox 807 1765 969 1833; x_wconf 89' lang='lat' dir='ltr'>coeperunt</span> <span class='ocrx_word' id='word_1_117' title='bbox 989 1756 1142 1831; x_wconf 88' lang='lat' dir='ltr'>aliquanto</span> <span class='ocrx_word' id='word_1_118' title='bbox 1165 1763 1234 1815; x_wconf 90' lang='lat' dir='ltr'>ante</span> <span class='ocrx_word' id='word_1_119' title='bbox 1256 1775 1344 1833; x_wconf 90' lang='lat' dir='ltr'>quam</span> <span class='ocrx_word' id='word_1_120' title='bbox 1362 1757 1518 1834; x_wconf 82' lang='lat' dir='ltr'>Aegyptus</span> <span class='ocrx_word' id='word_1_121' title='bbox 1541 1755 1571 1812; x_wconf 92' lang='lat' dir='ltr'>in</span> <span class='ocrx_word' id='word_1_122' title='bbox 1594 1773 1664 1830; x_wconf 88' lang='lat' dir='ltr'>pro-</span> 
     </span>
     <span class='ocr_line' id='line_1_13' title="bbox 329 1856 1664 1935; baseline -0.003 -18"><span class='ocrx_word' id='word_1_123' title='bbox 329 1859 444 1917; x_wconf 89' lang='lat' dir='ltr'>vinciae</span> <span class='ocrx_word' id='word_1_124' title='bbox 466 1857 591 1916; x_wconf 91' lang='lat' dir='ltr'>formam</span> <span class='ocrx_word' id='word_1_125' title='bbox 614 1857 736 1916; x_wconf 88' lang='lat' dir='ltr'>reducta</span> <span class='ocrx_word' id='word_1_126' title='bbox 752 1865 798 1916; x_wconf 91' lang='lat' dir='ltr'>est</span> <span class='ocrx_word' id='word_1_127' title='bbox 813 1876 839 1914; x_wconf 86' lang='lat' dir='ltr'>a.</span> <span class='ocrx_word' id='word_1_128' title='bbox 856 1879 883 1916; x_wconf 92' lang='grc' dir='ltr'>ιι.</span> <span class='ocrx_word' id='word_1_129' title='bbox 901 1857 971 1930; x_wconf 88' lang='grc'>699,</span> <span class='ocrx_word' id='word_1_130' title='bbox 994 1876 1053 1934; x_wconf 90' lang='lat' dir='ltr'>quo</span> <span class='ocrx_word' id='word_1_131' title='bbox 1069 1859 1107 1916; x_wconf 92' lang='lat' dir='ltr'>A.</span> <span class='ocrx_word' id='word_1_132' title='bbox 1125 1856 1274 1918; x_wconf 87' lang='lat' dir='ltr'>Gabinius</span> <span class='ocrx_word' id='word_1_133' title='bbox 1289 1858 1464 1917; x_wconf 88' lang='lat' dir='ltr'>Ptolemaeo</span> <span class='ocrx_word' id='word_1_134' title='bbox 1478 1857 1552 1935; x_wconf 88' lang='lat' dir='ltr'>regi,</span> <span class='ocrx_word' id='word_1_135' title='bbox 1574 1874 1664 1932; x_wconf 90' lang='lat' dir='ltr'>quem</span> 
     </span>
     <span class='ocr_line' id='line_1_14' title="bbox 329 1957 1665 2038; baseline -0.002 -21"><span class='ocrx_word' id='word_1_136' title='bbox 329 1959 500 2032; x_wconf 85' lang='lat' dir='ltr'>reduxerat,</span> <span class='ocrx_word' id='word_1_137' title='bbox 522 1969 636 2036; x_wconf 89' lang='lat' dir='ltr'>partem</span> <span class='ocrx_word' id='word_1_138' title='bbox 660 1960 813 2037; x_wconf 88' lang='lat' dir='ltr'>copiarum</span> <span class='ocrx_word' id='word_1_139' title='bbox 830 1959 957 2035; x_wconf 87' lang='lat' dir='ltr'>reliquit.</span> <span class='ocrx_word' id='word_1_140' title='bbox 995 1957 1108 2018; x_wconf 85' lang='lat' dir='ltr'>Caesar</span> <span class='ocrx_word' id='word_1_141' title='bbox 1129 1961 1157 2018; x_wconf 94' lang='lat' dir='ltr'>b.</span> <span class='ocrx_word' id='word_1_142' title='bbox 1174 1978 1199 2018; x_wconf 92' lang='lat' dir='ltr'>c.</span> <span class='ocrx_word' id='word_1_143' title='bbox 1217 1960 1245 2032; x_wconf 91' lang='grc'>3,</span> <span class='ocrx_word' id='word_1_144' title='bbox 1261 1961 1280 2018; x_wconf 88' lang='grc'>4</span> <span class='ocrx_word' id='word_1_145' title='bbox 1304 1960 1355 2036; x_wconf 86' lang='lat' dir='ltr'>(cf.</span> <span class='ocrx_word' id='word_1_146' title='bbox 1373 1961 1530 2038; x_wconf 80' lang='lat' dir='ltr'>Appianas</span> <span class='ocrx_word' id='word_1_147' title='bbox 1545 1959 1575 2016; x_wconf 93' lang='lat' dir='ltr'>b.</span> <span class='ocrx_word' id='word_1_148' title='bbox 1591 1976 1616 2016; x_wconf 91' lang='lat' dir='ltr'>c.</span> <span class='ocrx_word' id='word_1_149' title='bbox 1634 1957 1665 2029; x_wconf 78' lang='lat'>2,</span> 
     </span>
     <span class='ocr_line' id='line_1_15' title="bbox 331 2059 1665 2139; baseline -0.004 -18"><span class='ocrx_word' id='word_1_150' title='bbox 331 2062 385 2138; x_wconf 89' lang='grc'>49)</span> <span class='ocrx_word' id='word_1_151' title='bbox 409 2063 438 2120; x_wconf 92' lang='lat' dir='ltr'>in</span> <span class='ocrx_word' id='word_1_152' title='bbox 460 2079 585 2120; x_wconf 89' lang='lat' dir='ltr'>recensu</span> <span class='ocrx_word' id='word_1_153' title='bbox 607 2061 762 2139; x_wconf 89' lang='lat' dir='ltr'>copiarum</span> <span class='ocrx_word' id='word_1_154' title='bbox 785 2061 1035 2137; x_wconf 88' lang='lat' dir='ltr'>Pompeianarum</span> <span class='ocrx_word' id='word_1_155' title='bbox 1061 2069 1215 2121; x_wconf 84' lang='lat' dir='ltr'>enumerat</span> <span class='ocrx_word' id='word_1_156' title='bbox 1236 2065 1404 2138; x_wconf 73' lang='lat' dir='ltr'>quingentos</span> <span class='ocrx_word' id='word_1_157' title='bbox 1433 2081 1466 2120; x_wconf 77' lang='lat' dir='ltr'>aa</span> <span class='ocrx_word' id='word_1_158' title='bbox 1490 2059 1665 2120; x_wconf 79' lang='lat' dir='ltr'>Gabinianis</span> 
     </span>
     <span class='ocr_line' id='line_1_16' title="bbox 330 2162 1667 2241; baseline -0.004 -17"><span class='ocrx_word' id='word_1_159' title='bbox 330 2165 513 2224; x_wconf 73' lang='lat' dir='ltr'>Alexandria</span> <span class='ocrx_word' id='word_1_160' title='bbox 536 2162 639 2222; x_wconf 84' lang='lat' dir='ltr'>Gallos</span> <span class='ocrx_word' id='word_1_161' title='bbox 663 2163 887 2240; x_wconf 80' lang='lat' dir='ltr'>Germanosque,</span> <span class='ocrx_word' id='word_1_162' title='bbox 916 2181 986 2238; x_wconf 83' lang='lat' dir='ltr'>qnos</span> <span class='ocrx_word' id='word_1_163' title='bbox 1008 2164 1047 2221; x_wconf 77' lang='lat' dir='ltr'>itt</span> <span class='ocrx_word' id='word_1_164' title='bbox 1069 2163 1107 2220; x_wconf 82' lang='lat' dir='ltr'>A.</span> <span class='ocrx_word' id='word_1_165' title='bbox 1132 2163 1272 2223; x_wconf 78' lang='lat' dir='ltr'>Gabinius</span> <span class='ocrx_word' id='word_1_166' title='bbox 1297 2165 1440 2241; x_wconf 85' lang='lat' dir='ltr'>praesidii</span> <span class='ocrx_word' id='word_1_167' title='bbox 1467 2181 1558 2222; x_wconf 83' lang='lat' dir='ltr'>coneo</span> <span class='ocrx_word' id='word_1_168' title='bbox 1585 2162 1667 2238; x_wconf 84' lang='lat' dir='ltr'>opaci</span> 
     </span>
     <span class='ocr_line' id='line_1_17' title="bbox 330 2263 1666 2342; baseline -0.003 -17"><span class='ocrx_word' id='word_1_169' title='bbox 330 2285 422 2342; x_wconf 85' lang='lat' dir='ltr'>repom</span> <span class='ocrx_word' id='word_1_170' title='bbox 447 2265 640 2326; x_wconf 85' lang='lat' dir='ltr'>Ptolemaeum</span> <span class='ocrx_word' id='word_1_171' title='bbox 666 2266 836 2342; x_wconf 81' lang='lat' dir='ltr'>reliquerat,</span> <span class='ocrx_word' id='word_1_172' title='bbox 872 2264 943 2322; x_wconf 91' lang='lat' dir='ltr'>alibi</span> <span class='ocrx_word' id='word_1_173' title='bbox 977 2265 1101 2340; x_wconf 84' lang='lat' dir='ltr'>(l.c.3,</span> <span class='ocrx_word' id='word_1_174' title='bbox 1124 2265 1196 2341; x_wconf 91' lang='lat'>103)</span> <span class='ocrx_word' id='word_1_175' title='bbox 1230 2266 1307 2325; x_wconf 88' lang='lat' dir='ltr'>inter</span> <span class='ocrx_word' id='word_1_176' title='bbox 1332 2266 1443 2324; x_wconf 89' lang='lat' dir='ltr'>milites</span> <span class='ocrx_word' id='word_1_177' title='bbox 1471 2265 1551 2340; x_wconf 88' lang='lat' dir='ltr'>regis</span> <span class='ocrx_word' id='word_1_178' title='bbox 1579 2263 1666 2340; x_wconf 89' lang='lat' dir='ltr'>pueri</span> 
     </span>
     <span class='ocr_line' id='line_1_18' title="bbox 330 2367 1665 2444; baseline -0.002 -18"><span class='ocrx_word' id='word_1_179' title='bbox 330 2368 497 2427; x_wconf 87' lang='lat' dir='ltr'>Ptolemaei</span> <span class='ocrx_word' id='word_1_180' title='bbox 519 2369 562 2426; x_wconf 90' lang='lat' dir='ltr'>ait</span> <span class='ocrx_word' id='word_1_181' title='bbox 582 2369 676 2426; x_wconf 89' lang='lat' dir='ltr'>fuisse</span> <span class='ocrx_word' id='word_1_182' title='bbox 698 2367 855 2444; x_wconf 83' lang='lat' dir='ltr'>complures</span> <span class='ocrx_word' id='word_1_183' title='bbox 878 2367 997 2444; x_wconf 80' lang='lat' dir='ltr'>Pompei</span> <span class='ocrx_word' id='word_1_184' title='bbox 1018 2367 1129 2439; x_wconf 80' lang='lat' dir='ltr'>militer,</span> <span class='ocrx_word' id='word_1_185' title='bbox 1153 2386 1224 2444; x_wconf 83' lang='lat' dir='ltr'>quoa</span> <span class='ocrx_word' id='word_1_186' title='bbox 1247 2387 1280 2428; x_wconf 83' lang='lat' dir='ltr'>aa</span> <span class='ocrx_word' id='word_1_187' title='bbox 1302 2371 1362 2426; x_wconf 81' lang='lat' dir='ltr'>etue</span> <span class='ocrx_word' id='word_1_188' title='bbox 1385 2370 1508 2427; x_wconf 76' lang='lat' dir='ltr'>coercita</span> <span class='ocrx_word' id='word_1_189' title='bbox 1535 2375 1665 2442; x_wconf 85' lang='lat' dir='ltr'>acceptae</span> 
     </span>
     <span class='ocr_line' id='line_1_19' title="bbox 333 2468 1666 2548; baseline -0.001 -21"><span class='ocrx_word' id='word_1_190' title='bbox 333 2473 363 2528; x_wconf 81' lang='lat' dir='ltr'>in</span> <span class='ocrx_word' id='word_1_191' title='bbox 385 2469 473 2548; x_wconf 78' lang='lat' dir='ltr'>Syria</span> <span class='ocrx_word' id='word_1_192' title='bbox 499 2469 638 2529; x_wconf 81' lang='lat' dir='ltr'>Gabinius</span> <span class='ocrx_word' id='word_1_193' title='bbox 658 2469 870 2529; x_wconf 73' lang='lat' dir='ltr'>Alexandream</span> <span class='ocrx_word' id='word_1_194' title='bbox 892 2471 1062 2530; x_wconf 67' lang='lat' dir='ltr'>traduxerat</span> <span class='ocrx_word' id='word_1_195' title='bbox 1082 2469 1210 2546; x_wconf 81' lang='lat' dir='ltr'>belloque</span> <span class='ocrx_word' id='word_1_196' title='bbox 1231 2472 1352 2545; x_wconf 87' lang='lat' dir='ltr'>consecto</span> <span class='ocrx_word' id='word_1_197' title='bbox 1375 2471 1457 2546; x_wconf 82' lang='lat' dir='ltr'>opud</span> <span class='ocrx_word' id='word_1_198' title='bbox 1474 2468 1666 2528; x_wconf 84' lang='lat' dir='ltr'>Ptolemaeum</span> 
     </span>
     <span class='ocr_line' id='line_1_20' title="bbox 329 2569 1665 2648; baseline -0.001 -18"><span class='ocrx_word' id='word_1_199' title='bbox 329 2583 441 2648; x_wconf 84' lang='lat' dir='ltr'>patrem</span> <span class='ocrx_word' id='word_1_200' title='bbox 460 2575 546 2648; x_wconf 83' lang='lat' dir='ltr'>pueri</span> <span class='ocrx_word' id='word_1_201' title='bbox 566 2573 742 2648; x_wconf 57' lang='lat' dir='ltr'>reliqueram</span> <span class='ocrx_word' id='word_1_202' title='bbox 774 2573 949 2648; x_wconf 88' lang='lat' dir='ltr'>fueruntque</span> <span class='ocrx_word' id='word_1_203' title='bbox 979 2590 1017 2629; x_wconf 85' lang='lat' dir='ltr'>ex</span> <span class='ocrx_word' id='word_1_204' title='bbox 1044 2572 1092 2629; x_wconf 90' lang='lat' dir='ltr'>his</span> <span class='ocrx_word' id='word_1_205' title='bbox 1119 2573 1169 2648; x_wconf 90' lang='lat' dir='ltr'>qui</span> <span class='ocrx_word' id='word_1_206' title='bbox 1199 2571 1409 2630; x_wconf 87' lang='lat' dir='ltr'>interfecerunt</span> <span class='ocrx_word' id='word_1_207' title='bbox 1434 2570 1559 2630; x_wconf 90' lang='lat' dir='ltr'>Bibulus</span> <span class='ocrx_word' id='word_1_208' title='bbox 1584 2569 1665 2628; x_wconf 90' lang='lat' dir='ltr'>filios</span> 
     </span>
     <span class='ocr_line' id='line_1_21' title="bbox 334 2671 1667 2750; baseline -0.002 -19"><span class='ocrx_word' id='word_1_209' title='bbox 334 2672 488 2749; x_wconf 90' lang='lat' dir='ltr'>(Valerius</span> <span class='ocrx_word' id='word_1_210' title='bbox 510 2673 755 2748; x_wconf 80' lang='lat' dir='ltr'>Max.4,1‚15;</span> <span class='ocrx_word' id='word_1_211' title='bbox 785 2671 901 2734; x_wconf 87' lang='lat' dir='ltr'>Seneca</span> <span class='ocrx_word' id='word_1_212' title='bbox 922 2674 961 2732; x_wconf 91' lang='lat' dir='ltr'>ad</span> <span class='ocrx_word' id='word_1_213' title='bbox 983 2673 1074 2732; x_wconf 87' lang='lat' dir='ltr'>Marc.</span> <span class='ocrx_word' id='word_1_214' title='bbox 1093 2675 1141 2746; x_wconf 89' lang='grc'>14,</span> <span class='ocrx_word' id='word_1_215' title='bbox 1158 2671 1189 2749; x_wconf 80' lang='grc'>9)</span> <span class='ocrx_word' id='word_1_216' title='bbox 1213 2681 1243 2732; x_wconf 90' lang='lat' dir='ltr'>et</span> <span class='ocrx_word' id='word_1_217' title='bbox 1265 2674 1452 2734; x_wconf 84' lang='lat' dir='ltr'>centuriones</span> <span class='ocrx_word' id='word_1_218' title='bbox 1473 2691 1592 2750; x_wconf 90' lang='lat' dir='ltr'>quoque</span> <span class='ocrx_word' id='word_1_219' title='bbox 1613 2671 1667 2729; x_wconf 90' lang='lat' dir='ltr'>tri·</span> 
     </span>
     <span class='ocr_line' id='line_1_22' title="bbox 334 2773 1667 2853; baseline -0.003 -19"><span class='ocrx_word' id='word_1_220' title='bbox 334 2776 465 2853; x_wconf 90' lang='lat' dir='ltr'>bonique</span> <span class='ocrx_word' id='word_1_221' title='bbox 479 2775 620 2848; x_wconf 86' lang='lat' dir='ltr'>Romani,</span> <span class='ocrx_word' id='word_1_222' title='bbox 642 2776 694 2852; x_wconf 94' lang='lat' dir='ltr'>qui</span> <span class='ocrx_word' id='word_1_223' title='bbox 708 2775 845 2853; x_wconf 92' lang='lat' dir='ltr'>Pompeii</span> <span class='ocrx_word' id='word_1_224' title='bbox 868 2775 988 2834; x_wconf 90' lang='lat' dir='ltr'>caedem</span> <span class='ocrx_word' id='word_1_225' title='bbox 1010 2785 1231 2852; x_wconf 87' lang='lat' dir='ltr'>perpetrarunt,</span> <span class='ocrx_word' id='word_1_226' title='bbox 1254 2775 1433 2836; x_wconf 85' lang='lat' dir='ltr'>Gabinianis</span> <span class='ocrx_word' id='word_1_227' title='bbox 1452 2775 1512 2834; x_wconf 92' lang='lat' dir='ltr'>illis</span> <span class='ocrx_word' id='word_1_228' title='bbox 1528 2773 1667 2833; x_wconf 87' lang='lat' dir='ltr'>videntur</span> 
     </span>
     <span class='ocr_line' id='line_1_23' title="bbox 333 2873 1668 2956; baseline -0.001 -21"><span class='ocrx_word' id='word_1_229' title='bbox 333 2879 503 2956; x_wconf 84' lang='lat' dir='ltr'>praefuisse</span> <span class='ocrx_word' id='word_1_230' title='bbox 525 2877 575 2953; x_wconf 86' lang='lat' dir='ltr'>(ci.</span> <span class='ocrx_word' id='word_1_231' title='bbox 598 2878 758 2937; x_wconf 90' lang='lat' dir='ltr'>Drumann</span> <span class='ocrx_word' id='word_1_232' title='bbox 773 2879 801 2951; x_wconf 88' lang='lat'>3,</span> <span class='ocrx_word' id='word_1_233' title='bbox 818 2876 902 2954; x_wconf 80' lang='lat'>523).</span> <span class='ocrx_word' id='word_1_234' title='bbox 946 2877 1031 2936; x_wconf 89' lang='lat' dir='ltr'>Haec</span> <span class='ocrx_word' id='word_1_235' title='bbox 1054 2887 1122 2936; x_wconf 89' lang='lat' dir='ltr'>sunt</span> <span class='ocrx_word' id='word_1_236' title='bbox 1142 2879 1173 2936; x_wconf 94' lang='lat' dir='ltr'>ni</span> <span class='ocrx_word' id='word_1_237' title='bbox 1195 2878 1284 2936; x_wconf 91' lang='lat' dir='ltr'>fallor</span> <span class='ocrx_word' id='word_1_238' title='bbox 1306 2889 1406 2938; x_wconf 88' lang='lat' dir='ltr'>castra</span> <span class='ocrx_word' id='word_1_239' title='bbox 1427 2876 1563 2936; x_wconf 88' lang='lat' dir='ltr'>laterculi</span> <span class='ocrx_word' id='word_1_240' title='bbox 1586 2873 1668 2950; x_wconf 86' lang='lat' dir='ltr'>Cop-</span> 
     </span>
     <span class='ocr_line' id='line_1_24' title="bbox 334 2977 1666 3053; baseline -0.002 -15"><span class='ocrx_word' id='word_1_241' title='bbox 334 2979 430 3052; x_wconf 90' lang='lat' dir='ltr'>titani,</span> <span class='ocrx_word' id='word_1_242' title='bbox 454 2979 644 3039; x_wconf 88' lang='lat' dir='ltr'>seminarium</span> <span class='ocrx_word' id='word_1_243' title='bbox 667 2980 732 3038; x_wconf 90' lang='lat' dir='ltr'>sine</span> <span class='ocrx_word' id='word_1_244' title='bbox 749 2979 838 3037; x_wconf 89' lang='lat' dir='ltr'>dubio</span> <span class='ocrx_word' id='word_1_245' title='bbox 855 2979 989 3039; x_wconf 91' lang='lat' dir='ltr'>omnium</span> <span class='ocrx_word' id='word_1_246' title='bbox 1006 2980 1154 3053; x_wconf 82' lang='lat' dir='ltr'>vitiorum,</span> <span class='ocrx_word' id='word_1_247' title='bbox 1177 2980 1316 3040; x_wconf 86' lang='lat' dir='ltr'>seditem</span> <span class='ocrx_word' id='word_1_248' title='bbox 1331 2981 1461 3040; x_wconf 86' lang='lat' dir='ltr'>fortasse</span> <span class='ocrx_word' id='word_1_249' title='bbox 1476 2977 1666 3037; x_wconf 88' lang='lat' dir='ltr'>seminarium</span> 
     </span>
     <span class='ocr_line' id='line_1_25' title="bbox 334 3081 979 3157; baseline 0 -17"><span class='ocrx_word' id='word_1_250' title='bbox 334 3081 460 3141; x_wconf 89' lang='lat' dir='ltr'>militiae</span> <span class='ocrx_word' id='word_1_251' title='bbox 482 3081 679 3140; x_wconf 88' lang='lat' dir='ltr'>hereditariae</span> <span class='ocrx_word' id='word_1_252' title='bbox 700 3081 818 3157; x_wconf 90' lang='lat' dir='ltr'>imperii</span> <span class='ocrx_word' id='word_1_253' title='bbox 840 3081 979 3141; x_wconf 90' lang='lat' dir='ltr'>Romani.</span> 
     </span>
    </p>

    <p class='ocr_par' dir='ltr' id='par_1_4' title="bbox 334 3181 1673 4382">
     <span class='ocr_line' id='line_1_26' title="bbox 375 3181 1668 3262; baseline -0.002 -20"><span class='ocrx_word' id='word_1_254' title='bbox 375 3184 453 3242; x_wconf 88' lang='lat' dir='ltr'>Post</span> <span class='ocrx_word' id='word_1_255' title='bbox 467 3183 631 3242; x_wconf 89' lang='lat' dir='ltr'>Traianum</span> <span class='ocrx_word' id='word_1_256' title='bbox 655 3183 796 3242; x_wconf 81' lang='lat' dir='ltr'>deficiam</span> <span class='ocrx_word' id='word_1_257' title='bbox 817 3184 880 3242; x_wconf 86' lang='lat' dir='ltr'>iere</span> <span class='ocrx_word' id='word_1_258' title='bbox 902 3184 939 3244; x_wconf 92' lang='lat' dir='ltr'>de</span> <span class='ocrx_word' id='word_1_259' title='bbox 953 3185 1090 3262; x_wconf 83' lang='lat' dir='ltr'>legionis,</span> <span class='ocrx_word' id='word_1_260' title='bbox 1113 3203 1190 3260; x_wconf 91' lang='lat' dir='ltr'>quae</span> <span class='ocrx_word' id='word_1_261' title='bbox 1206 3193 1268 3244; x_wconf 90' lang='lat' dir='ltr'>tum</span> <span class='ocrx_word' id='word_1_262' title='bbox 1282 3186 1454 3262; x_wconf 86' lang='lat' dir='ltr'>Aegyptum</span> <span class='ocrx_word' id='word_1_263' title='bbox 1470 3181 1668 3252; x_wconf 85' lang='lat' dir='ltr'>custodiebat,</span> 
     </span>
     <span class='ocr_line' id='line_1_27' title="bbox 334 3285 1668 3364; baseline -0.001 -20"><span class='ocrx_word' id='word_1_264' title='bbox 334 3286 366 3344; x_wconf 94' lang='lat' dir='ltr'>Il</span> <span class='ocrx_word' id='word_1_265' title='bbox 381 3285 530 3344; x_wconf 88' lang='lat' dir='ltr'>Traianae</span> <span class='ocrx_word' id='word_1_266' title='bbox 551 3285 678 3343; x_wconf 90' lang='lat' dir='ltr'>militum</span> <span class='ocrx_word' id='word_1_267' title='bbox 702 3285 816 3362; x_wconf 88' lang='lat' dir='ltr'>origine</span> <span class='ocrx_word' id='word_1_268' title='bbox 838 3285 1010 3346; x_wconf 88' lang='lat' dir='ltr'>testimonia</span> <span class='ocrx_word' id='word_1_269' title='bbox 1032 3286 1193 3363; x_wconf 86' lang='lat' dir='ltr'>dise1·ta¹).</span> <span class='ocrx_word' id='word_1_270' title='bbox 1229 3285 1668 3364; x_wconf 88' lang='lat' dir='ltr'>Latereulisupraeditiu.10</span> 
     </span>
     <span class='ocr_line' id='line_1_28' title="bbox 334 3387 1670 3466; baseline -0.001 -21"><span class='ocrx_word' id='word_1_271' title='bbox 334 3387 461 3464; x_wconf 86' lang='lat' dir='ltr'>legionis</span> <span class='ocrx_word' id='word_1_272' title='bbox 484 3387 549 3446; x_wconf 89' lang='lat' dir='ltr'>eius</span> <span class='ocrx_word' id='word_1_273' title='bbox 573 3387 642 3444; x_wconf 91' lang='lat' dir='ltr'>anni</span> <span class='ocrx_word' id='word_1_274' title='bbox 669 3387 727 3445; x_wconf 83' lang='lat'>194</span> <span class='ocrx_word' id='word_1_275' title='bbox 750 3387 861 3446; x_wconf 87' lang='lat' dir='ltr'>milites</span> <span class='ocrx_word' id='word_1_276' title='bbox 883 3389 996 3464; x_wconf 89' lang='lat' dir='ltr'>pariter</span> <span class='ocrx_word' id='word_1_277' title='bbox 1017 3399 1106 3465; x_wconf 89' lang='lat' dir='ltr'>atque</span> <span class='ocrx_word' id='word_1_278' title='bbox 1122 3387 1275 3466; x_wconf 86' lang='lat' dir='ltr'>Coptitani</span> <span class='ocrx_word' id='word_1_279' title='bbox 1293 3407 1396 3447; x_wconf 90' lang='lat' dir='ltr'>omnes</span> <span class='ocrx_word' id='word_1_280' title='bbox 1410 3388 1473 3447; x_wconf 87' lang='lat' dir='ltr'>fere</span> <span class='ocrx_word' id='word_1_281' title='bbox 1488 3388 1584 3445; x_wconf 89' lang='lat' dir='ltr'>tribus</span> <span class='ocrx_word' id='word_1_282' title='bbox 1599 3397 1670 3444; x_wconf 92' lang='lat' dir='ltr'>sunt</span> 
     </span>
     <span class='ocr_line' id='line_1_29' title="bbox 335 3487 1670 3568; baseline -0.002 -19"><span class='ocrx_word' id='word_1_283' title='bbox 335 3490 450 3549; x_wconf 87' lang='lat' dir='ltr'>Polliae</span> <span class='ocrx_word' id='word_1_284' title='bbox 473 3497 591 3547; x_wconf 87' lang='lat' dir='ltr'>etcum</span> <span class='ocrx_word' id='word_1_285' title='bbox 615 3488 760 3564; x_wconf 84' lang='lat' dir='ltr'>originem</span> <span class='ocrx_word' id='word_1_286' title='bbox 782 3489 843 3548; x_wconf 91' lang='lat' dir='ltr'>fere</span> <span class='ocrx_word' id='word_1_287' title='bbox 865 3499 993 3561; x_wconf 88' lang='lat' dir='ltr'>taceant,</span> <span class='ocrx_word' id='word_1_288' title='bbox 1016 3491 1175 3550; x_wconf 88' lang='lat' dir='ltr'>verisimile</span> <span class='ocrx_word' id='word_1_289' title='bbox 1197 3501 1244 3549; x_wconf 89' lang='lat' dir='ltr'>est</span> <span class='ocrx_word' id='word_1_290' title='bbox 1258 3491 1416 3568; x_wconf 87' lang='lat' dir='ltr'>plerosquo</span> <span class='ocrx_word' id='word_1_291' title='bbox 1431 3509 1535 3548; x_wconf 88' lang='lat' dir='ltr'>eorum</span> <span class='ocrx_word' id='word_1_292' title='bbox 1549 3508 1588 3547; x_wconf 84' lang='lat' dir='ltr'>ex</span> <span class='ocrx_word' id='word_1_293' title='bbox 1603 3487 1670 3564; x_wconf 87' lang='lat' dir='ltr'>ipsa</span> 
     </span>
     <span class='ocr_line' id='line_1_30' title="bbox 336 3589 1670 3670; baseline -0.002 -19"><span class='ocrx_word' id='word_1_294' title='bbox 336 3595 477 3668; x_wconf 83' lang='lat' dir='ltr'>Aegypto</span> <span class='ocrx_word' id='word_1_295' title='bbox 500 3589 644 3650; x_wconf 88' lang='lat' dir='ltr'>oriundos</span> <span class='ocrx_word' id='word_1_296' title='bbox 666 3608 743 3650; x_wconf 89' lang='lat' dir='ltr'>esse.</span> <span class='ocrx_word' id='word_1_297' title='bbox 791 3591 827 3648; x_wconf 90' lang='lat' dir='ltr'>ld</span> <span class='ocrx_word' id='word_1_298' title='bbox 850 3599 947 3650; x_wconf 88' lang='lat' dir='ltr'>autem</span> <span class='ocrx_word' id='word_1_299' title='bbox 970 3611 1028 3650; x_wconf 94' lang='lat' dir='ltr'>non</span> <span class='ocrx_word' id='word_1_300' title='bbox 1052 3593 1244 3669; x_wconf 81' lang='lat' dir='ltr'>tampendet</span> <span class='ocrx_word' id='word_1_301' title='bbox 1265 3611 1283 3650; x_wconf 92' lang='lat' dir='ltr'>a</span> <span class='ocrx_word' id='word_1_302' title='bbox 1304 3593 1369 3670; x_wconf 85' lang='lat' dir='ltr'>lege</span> <span class='ocrx_word' id='word_1_303' title='bbox 1391 3595 1539 3668; x_wconf 87' lang='lat' dir='ltr'>Augusti,</span> <span class='ocrx_word' id='word_1_304' title='bbox 1566 3609 1670 3650; x_wconf 88' lang='lat' dir='ltr'>secun-</span> 
     </span>
     <span class='ocr_line' id='line_1_31' title="bbox 337 3690 1671 3771; baseline -0.001 -20"><span class='ocrx_word' id='word_1_305' title='bbox 337 3694 405 3752; x_wconf 91' lang='lat' dir='ltr'>dum</span> <span class='ocrx_word' id='word_1_306' title='bbox 429 3711 518 3770; x_wconf 89' lang='lat' dir='ltr'>quam</span> <span class='ocrx_word' id='word_1_307' title='bbox 540 3690 629 3750; x_wconf 91' lang='lat' dir='ltr'>modo</span> <span class='ocrx_word' id='word_1_308' title='bbox 652 3692 780 3752; x_wconf 88' lang='lat' dir='ltr'>vidimus</span> <span class='ocrx_word' id='word_1_309' title='bbox 801 3693 1005 3771; x_wconf 84' lang='lat' dir='ltr'>Aegyptiacus</span> <span class='ocrx_word' id='word_1_310' title='bbox 1028 3702 1108 3751; x_wconf 90' lang='lat' dir='ltr'>certe</span> <span class='ocrx_word' id='word_1_311' title='bbox 1129 3694 1262 3770; x_wconf 86' lang='lat' dir='ltr'>legiones</span> <span class='ocrx_word' id='word_1_312' title='bbox 1286 3693 1331 3769; x_wconf 90' lang='lat' dir='ltr'>(et</span> <span class='ocrx_word' id='word_1_313' title='bbox 1352 3702 1450 3770; x_wconf 90' lang='lat' dir='ltr'>potest</span> <span class='ocrx_word' id='word_1_314' title='bbox 1471 3693 1542 3752; x_wconf 89' lang='lat' dir='ltr'>addi</span> <span class='ocrx_word' id='word_1_315' title='bbox 1563 3693 1671 3769; x_wconf 90' lang='lat' dir='ltr'>opinor</span> 
     </span>
     <span class='ocr_line' id='line_1_32' title="bbox 337 3793 1671 3872; baseline -0.001 -19"><span class='ocrx_word' id='word_1_316' title='bbox 337 3794 472 3854; x_wconf 90' lang='lat' dir='ltr'>Orientis</span> <span class='ocrx_word' id='word_1_317' title='bbox 494 3793 611 3870; x_wconf 88' lang='lat' dir='ltr'>omnes)</span> <span class='ocrx_word' id='word_1_318' title='bbox 638 3794 731 3852; x_wconf 88' lang='lat' dir='ltr'>lectas</span> <span class='ocrx_word' id='word_1_319' title='bbox 754 3811 823 3854; x_wconf 88' lang='lat' dir='ltr'>osse</span> <span class='ocrx_word' id='word_1_320' title='bbox 843 3795 872 3853; x_wconf 90' lang='lat' dir='ltr'>in</span> <span class='ocrx_word' id='word_1_321' title='bbox 895 3795 1059 3872; x_wconf 84' lang='lat' dir='ltr'>provinciis</span> <span class='ocrx_word' id='word_1_322' title='bbox 1087 3796 1204 3870; x_wconf 89' lang='lat' dir='ltr'>imperii</span> <span class='ocrx_word' id='word_1_323' title='bbox 1228 3793 1372 3866; x_wconf 85' lang='lat' dir='ltr'>Graecis,</span> <span class='ocrx_word' id='word_1_324' title='bbox 1402 3795 1455 3854; x_wconf 88' lang='lat' dir='ltr'>sed</span> <span class='ocrx_word' id='word_1_325' title='bbox 1481 3794 1518 3854; x_wconf 91' lang='lat' dir='ltr'>ad</span> <span class='ocrx_word' id='word_1_326' title='bbox 1545 3811 1671 3853; x_wconf 90' lang='lat' dir='ltr'>consue·</span> 
     </span>
     <span class='ocr_line' id='line_1_33' title="bbox 337 3896 1670 3974; baseline 0 -20"><span class='ocrx_word' id='word_1_327' title='bbox 337 3897 470 3955; x_wconf 89' lang='lat' dir='ltr'>tudinem</span> <span class='ocrx_word' id='word_1_328' title='bbox 492 3898 600 3955; x_wconf 89' lang='lat' dir='ltr'>aetatis</span> <span class='ocrx_word' id='word_1_329' title='bbox 623 3896 810 3972; x_wconf 87' lang='lat' dir='ltr'>posterioria,</span> <span class='ocrx_word' id='word_1_330' title='bbox 832 3897 869 3954; x_wconf 91' lang='lat' dir='ltr'>de</span> <span class='ocrx_word' id='word_1_331' title='bbox 890 3916 949 3973; x_wconf 89' lang='lat' dir='ltr'>qua</span> <span class='ocrx_word' id='word_1_332' title='bbox 970 3915 1030 3955; x_wconf 93' lang='lat' dir='ltr'>non</span> <span class='ocrx_word' id='word_1_333' title='bbox 1052 3897 1198 3972; x_wconf 91' lang='lat' dir='ltr'>estquod</span> <span class='ocrx_word' id='word_1_334' title='bbox 1221 3898 1277 3955; x_wconf 89' lang='lat' dir='ltr'>hoe</span> <span class='ocrx_word' id='word_1_335' title='bbox 1298 3897 1365 3956; x_wconf 94' lang='lat' dir='ltr'>loco</span> <span class='ocrx_word' id='word_1_336' title='bbox 1382 3914 1515 3974; x_wconf 90' lang='lat' dir='ltr'>agamus,</span> <span class='ocrx_word' id='word_1_337' title='bbox 1539 3897 1670 3954; x_wconf 87' lang='lat' dir='ltr'>tironum</span> 
     </span>
     <span class='ocr_line' id='line_1_34' title="bbox 339 3999 1673 4076; baseline 0.001 -20"><span class='ocrx_word' id='word_1_338' title='bbox 339 3999 426 4057; x_wconf 88' lang='lat' dir='ltr'>ctiam</span> <span class='ocrx_word' id='word_1_339' title='bbox 448 3999 681 4076; x_wconf 88' lang='lat' dir='ltr'>legionariorum</span> <span class='ocrx_word' id='word_1_340' title='bbox 703 3999 734 4056; x_wconf 95' lang='lat' dir='ltr'>in</span> <span class='ocrx_word' id='word_1_341' title='bbox 757 4018 793 4056; x_wconf 88' lang='lat' dir='ltr'>en</span> <span class='ocrx_word' id='word_1_342' title='bbox 815 3999 969 4074; x_wconf 82' lang='lat' dir='ltr'>provincia</span> <span class='ocrx_word' id='word_1_343' title='bbox 990 3999 1282 4072; x_wconf 88' lang='lat' dir='ltr'>conscribendorum,</span> <span class='ocrx_word' id='word_1_344' title='bbox 1305 3999 1336 4056; x_wconf 92' lang='lat' dir='ltr'>in</span> <span class='ocrx_word' id='word_1_345' title='bbox 1358 4017 1418 4075; x_wconf 89' lang='lat' dir='ltr'>qua</span> <span class='ocrx_word' id='word_1_346' title='bbox 1435 3999 1513 4076; x_wconf 89' lang='lat' dir='ltr'>legio</span> <span class='ocrx_word' id='word_1_347' title='bbox 1528 4000 1673 4058; x_wconf 88' lang='lat' dir='ltr'>consiste·</span> 
     </span>
     <span class='ocr_line' id='line_1_35' title="bbox 338 4099 1672 4177; baseline 0.001 -19"><span class='ocrx_word' id='word_1_348' title='bbox 338 4113 399 4172; x_wconf 90' lang='lat' dir='ltr'>ret,</span> <span class='ocrx_word' id='word_1_349' title='bbox 428 4101 457 4158; x_wconf 92' lang='lat' dir='ltr'>id</span> <span class='ocrx_word' id='word_1_350' title='bbox 480 4101 560 4177; x_wconf 92' lang='lat' dir='ltr'>quod</span> <span class='ocrx_word' id='word_1_351' title='bbox 583 4099 660 4159; x_wconf 91' lang='lat' dir='ltr'>tituli</span> <span class='ocrx_word' id='word_1_352' title='bbox 681 4100 809 4176; x_wconf 88' lang='lat' dir='ltr'>legionis</span> <span class='ocrx_word' id='word_1_353' title='bbox 832 4099 880 4158; x_wconf 86' lang='lat'>111</span> <span class='ocrx_word' id='word_1_354' title='bbox 903 4102 1057 4177; x_wconf 89' lang='lat' dir='ltr'>Augustae</span> <span class='ocrx_word' id='word_1_355' title='bbox 1080 4109 1246 4160; x_wconf 88' lang='lat' dir='ltr'>castrorum</span> <span class='ocrx_word' id='word_1_356' title='bbox 1268 4100 1568 4160; x_wconf 88' lang='lat' dir='ltr'>Lambaesitunorum</span> <span class='ocrx_word' id='word_1_357' title='bbox 1592 4101 1672 4160; x_wconf 90' lang='lat' dir='ltr'>clare</span> 
     </span>
     <span class='ocr_line' id='line_1_36' title="bbox 339 4197 1672 4280; baseline 0 -21"><span class='ocrx_word' id='word_1_358' title='bbox 339 4197 548 4278; x_wconf 69' lang='lat' dir='ltr'>ostendunt2).</span> <span class='ocrx_word' id='word_1_359' title='bbox 586 4200 646 4262; x_wconf 86' lang='lat' dir='ltr'>Sed</span> <span class='ocrx_word' id='word_1_360' title='bbox 668 4221 733 4262; x_wconf 89' lang='lat' dir='ltr'>cum</span> <span class='ocrx_word' id='word_1_361' title='bbox 756 4202 786 4260; x_wconf 92' lang='lat' dir='ltr'>in</span> <span class='ocrx_word' id='word_1_362' title='bbox 810 4203 960 4280; x_wconf 84' lang='lat' dir='ltr'>Aegypto,</span> <span class='ocrx_word' id='word_1_363' title='bbox 983 4203 1072 4262; x_wconf 89' lang='lat' dir='ltr'>aliter</span> <span class='ocrx_word' id='word_1_364' title='bbox 1093 4213 1181 4280; x_wconf 88' lang='lat' dir='ltr'>atque</span> <span class='ocrx_word' id='word_1_365' title='bbox 1203 4205 1234 4262; x_wconf 93' lang='lat' dir='ltr'>in</span> <span class='ocrx_word' id='word_1_366' title='bbox 1253 4202 1375 4280; x_wconf 88' lang='lat' dir='ltr'>reliquis</span> <span class='ocrx_word' id='word_1_367' title='bbox 1397 4203 1569 4280; x_wconf 79' lang='lat' dir='ltr'>provinciis,</span> <span class='ocrx_word' id='word_1_368' title='bbox 1592 4203 1672 4261; x_wconf 87' lang='lat' dir='ltr'>colo·</span> 
     </span>
     <span class='ocr_line' id='line_1_37' title="bbox 340 4303 1673 4382; baseline -0.001 -19"><span class='ocrx_word' id='word_1_369' title='bbox 340 4305 407 4364; x_wconf 91' lang='lat' dir='ltr'>niae</span> <span class='ocrx_word' id='word_1_370' title='bbox 429 4304 627 4380; x_wconf 87' lang='lat' dir='ltr'>municipiave</span> <span class='ocrx_word' id='word_1_371' title='bbox 649 4305 758 4363; x_wconf 89' lang='lat' dir='ltr'>civium</span> <span class='ocrx_word' id='word_1_372' title='bbox 773 4303 976 4362; x_wconf 87' lang='lat' dir='ltr'>Romanorum</span> <span class='ocrx_word' id='word_1_373' title='bbox 1000 4305 1085 4365; x_wconf 90' lang='lat' dir='ltr'>nulla</span> <span class='ocrx_word' id='word_1_374' title='bbox 1106 4313 1206 4365; x_wconf 90' lang='lat' dir='ltr'>essent</span> <span class='ocrx_word' id='word_1_375' title='bbox 1219 4305 1319 4382; x_wconf 89' lang='lat' dir='ltr'>itaque</span> <span class='ocrx_word' id='word_1_376' title='bbox 1335 4305 1462 4366; x_wconf 89' lang='lat' dir='ltr'>dilectus</span> <span class='ocrx_word' id='word_1_377' title='bbox 1476 4306 1565 4364; x_wconf 88' lang='lat' dir='ltr'>etiam</span> <span class='ocrx_word' id='word_1_378' title='bbox 1581 4305 1673 4381; x_wconf 86' lang='lat' dir='ltr'>legio·</span> 
     </span>
    </p>
   </div>
   <div class='ocr_carea' id='block_1_3' title="bbox 341 4503 1676 5125">
    <p class='ocr_par' dir='ltr' id='par_1_5' title="bbox 341 4503 1673 4924">
     <span class='ocr_line' id='line_1_38' title="bbox 401 4503 1672 4573; baseline -0.002 -17"><span class='ocrx_word' id='word_1_379' title='bbox 401 4503 423 4566; x_wconf 93' lang='lat'>¹)</span> <span class='ocrx_word' id='word_1_380' title='bbox 443 4506 622 4556; x_wconf 87' lang='lat' dir='ltr'>Memorantur</span> <span class='ocrx_word' id='word_1_381' title='bbox 640 4520 673 4556; x_wconf 88' lang='lat' dir='ltr'>ex</span> <span class='ocrx_word' id='word_1_382' title='bbox 693 4521 724 4556; x_wconf 89' lang='lat' dir='ltr'>ea</span> <span class='ocrx_word' id='word_1_383' title='bbox 743 4505 844 4571; x_wconf 87' lang='lat' dir='ltr'>legione</span> <span class='ocrx_word' id='word_1_384' title='bbox 859 4507 952 4557; x_wconf 87' lang='lat' dir='ltr'>milites</span> <span class='ocrx_word' id='word_1_385' title='bbox 965 4508 1090 4573; x_wconf 82' lang='lat' dir='ltr'>originem</span> <span class='ocrx_word' id='word_1_386' title='bbox 1105 4509 1229 4558; x_wconf 86' lang='lat' dir='ltr'>habentes</span> <span class='ocrx_word' id='word_1_387' title='bbox 1243 4505 1326 4558; x_wconf 81' lang='lat' dir='ltr'>Italae</span> <span class='ocrx_word' id='word_1_388' title='bbox 1339 4507 1414 4572; x_wconf 83' lang='lat' dir='ltr'>(Eph.</span> <span class='ocrx_word' id='word_1_389' title='bbox 1428 4510 1443 4557; x_wconf 80' lang='lat'><strong>2</strong></span> <span class='ocrx_word' id='word_1_390' title='bbox 1458 4523 1482 4557; x_wconf 93' lang='lat' dir='ltr'>n.</span> <span class='ocrx_word' id='word_1_391' title='bbox 1495 4507 1568 4569; x_wconf 85' lang='grc'>338),</span> <span class='ocrx_word' id='word_1_392' title='bbox 1589 4505 1672 4567; x_wconf 81' lang='lat' dir='ltr'>c(irie)</span> 
     </span>
     <span class='ocr_line' id='line_1_39' title="bbox 341 4593 1673 4668; baseline 0 -22"><span class='ocrx_word' id='word_1_393' title='bbox 341 4593 488 4659; x_wconf 67' lang='lat' dir='ltr'>Memnona)</span> <span class='ocrx_word' id='word_1_394' title='bbox 522 4595 712 4649; x_wconf 82' lang='lat' dir='ltr'>Garnuntr&#39;enar&#39;s</span> <span class='ocrx_word' id='word_1_395' title='bbox 737 4599 886 4666; x_wconf 66' lang='lat' dir='ltr'>prouinciae</span> <span class='ocrx_word' id='word_1_396' title='bbox 912 4597 1061 4650; x_wconf 77' lang='lat' dir='ltr'>Pannoniae</span> <span class='ocrx_word' id='word_1_397' title='bbox 1090 4601 1229 4668; x_wconf 72' lang='lat' dir='ltr'>remerteria</span> <span class='ocrx_word' id='word_1_398' title='bbox 1257 4599 1369 4665; x_wconf 58' lang='lat' dir='ltr'>(lipsi</span> <span class='ocrx_word' id='word_1_399' title='bbox 1394 4615 1420 4650; x_wconf 90' lang='grc' dir='ltr'>ιι.</span> <span class='ocrx_word' id='word_1_400' title='bbox 1440 4596 1518 4664; x_wconf 78' lang='lat'>328),</span> <span class='ocrx_word' id='word_1_401' title='bbox 1548 4595 1673 4647; x_wconf 79' lang='lat' dir='ltr'>Macedon</span> 
     </span>
     <span class='ocr_line' id='line_1_40' title="bbox 343 4689 1673 4757; baseline 0.002 -20"><span class='ocrx_word' id='word_1_402' title='bbox 343 4689 418 4753; x_wconf 79' lang='lat' dir='ltr'>(ltph.</span> <span class='ocrx_word' id='word_1_403' title='bbox 435 4693 451 4738; x_wconf 78' lang='lat'><strong>2</strong></span> <span class='ocrx_word' id='word_1_404' title='bbox 471 4705 496 4740; x_wconf 89' lang='lat' dir='ltr'>n.</span> <span class='ocrx_word' id='word_1_405' title='bbox 512 4690 583 4754; x_wconf 80' lang='lat'>32⁷).</span> <span class='ocrx_word' id='word_1_406' title='bbox 616 4693 669 4745; x_wconf 87' lang='lat' dir='ltr'>Sed</span> <span class='ocrx_word' id='word_1_407' title='bbox 688 4691 808 4742; x_wconf 86' lang='lat' dir='ltr'>videntur</span> <span class='ocrx_word' id='word_1_408' title='bbox 826 4693 942 4756; x_wconf 88' lang='lat' dir='ltr'>gregales</span> <span class='ocrx_word' id='word_1_409' title='bbox 962 4693 1071 4757; x_wconf 88' lang='lat' dir='ltr'>legionis</span> <span class='ocrx_word' id='word_1_410' title='bbox 1084 4694 1212 4744; x_wconf 86' lang='lat' dir='ltr'>Traianae</span> <span class='ocrx_word' id='word_1_411' title='bbox 1232 4707 1264 4741; x_wconf 86' lang='lat' dir='ltr'>ex</span> <span class='ocrx_word' id='word_1_412' title='bbox 1278 4692 1341 4756; x_wconf 85' lang='lat' dir='ltr'>ipsis</span> <span class='ocrx_word' id='word_1_413' title='bbox 1354 4693 1444 4742; x_wconf 88' lang='lat' dir='ltr'>castris</span> <span class='ocrx_word' id='word_1_414' title='bbox 1458 4691 1497 4740; x_wconf 85' lang='lat' dir='ltr'>vel</span> <span class='ocrx_word' id='word_1_415' title='bbox 1512 4690 1673 4740; x_wconf 83' lang='lat' dir='ltr'>Alexandria</span> 
     </span>
     <span class='ocr_line' id='line_1_41' title="bbox 343 4781 1673 4850; baseline 0.002 -21"><span class='ocrx_word' id='word_1_416' title='bbox 343 4781 445 4831; x_wconf 87' lang='lat' dir='ltr'>oriundi</span> <span class='ocrx_word' id='word_1_417' title='bbox 465 4783 593 4848; x_wconf 87' lang='lat' dir='ltr'>originem</span> <span class='ocrx_word' id='word_1_418' title='bbox 611 4783 718 4834; x_wconf 87' lang='lat' dir='ltr'>reticere</span> <span class='ocrx_word' id='word_1_419' title='bbox 736 4783 825 4850; x_wconf 85' lang='lat' dir='ltr'>utpote</span> <span class='ocrx_word' id='word_1_420' title='bbox 845 4792 898 4834; x_wconf 91' lang='lat' dir='ltr'>tum</span> <span class='ocrx_word' id='word_1_421' title='bbox 917 4785 972 4835; x_wconf 89' lang='lat' dir='ltr'>fere</span> <span class='ocrx_word' id='word_1_422' title='bbox 991 4801 1168 4848; x_wconf 87' lang='lat' dir='ltr'>communem,</span> <span class='ocrx_word' id='word_1_423' title='bbox 1195 4785 1324 4850; x_wconf 89' lang='lat' dir='ltr'>peregrini</span> <span class='ocrx_word' id='word_1_424' title='bbox 1342 4784 1493 4848; x_wconf 86' lang='lat' dir='ltr'>praesertim</span> <span class='ocrx_word' id='word_1_425' title='bbox 1518 4796 1575 4833; x_wconf 83' lang='lat' dir='ltr'>eam</span> <span class='ocrx_word' id='word_1_426' title='bbox 1595 4798 1673 4833; x_wconf 90' lang='lat' dir='ltr'>enun-</span> 
     </span>
     <span class='ocr_line' id='line_1_42' title="bbox 343 4875 416 4924; baseline 0.027 -2"><span class='ocrx_word' id='word_1_427' title='bbox 343 4875 416 4924; x_wconf 84' lang='lat' dir='ltr'>liare.</span> 
     </span>
    </p>

    <p class='ocr_par' dir='ltr' id='par_1_6' title="bbox 343 4963 1676 5125">
     <span class='ocr_line' id='line_1_43' title="bbox 403 4963 1674 5032; baseline -0.002 -14"><span class='ocrx_word' id='word_1_428' title='bbox 403 4963 428 5028; x_wconf 76' lang='lat'>²)</span> <span class='ocrx_word' id='word_1_429' title='bbox 449 4967 529 5018; x_wconf 82' lang='lat' dir='ltr'>Tituli</span> <span class='ocrx_word' id='word_1_430' title='bbox 548 4969 646 5018; x_wconf 85' lang='lat' dir='ltr'>inventi</span> <span class='ocrx_word' id='word_1_431' title='bbox 665 4969 692 5018; x_wconf 90' lang='lat' dir='ltr'>in</span> <span class='ocrx_word' id='word_1_432' title='bbox 712 4970 803 5020; x_wconf 85' lang='lat' dir='ltr'>castris</span> <span class='ocrx_word' id='word_1_433' title='bbox 821 4969 1027 5021; x_wconf 87' lang='lat' dir='ltr'>Lambaesitania</span> <span class='ocrx_word' id='word_1_434' title='bbox 1047 4969 1191 5019; x_wconf 84' lang='lat' dir='ltr'>constitutis</span> <span class='ocrx_word' id='word_1_435' title='bbox 1211 4985 1233 5018; x_wconf 91' lang='lat' dir='ltr'>c.</span> <span class='ocrx_word' id='word_1_436' title='bbox 1248 4983 1270 5018; x_wconf 87' lang='lat' dir='ltr'>a.</span> <span class='ocrx_word' id='word_1_437' title='bbox 1287 4969 1338 5019; x_wconf 78' lang='lat'>123</span> <span class='ocrx_word' id='word_1_438' title='bbox 1359 4968 1399 5018; x_wconf 84' lang='lat' dir='ltr'>vel</span> <span class='ocrx_word' id='word_1_439' title='bbox 1419 4967 1452 5018; x_wconf 92' lang='lat' dir='ltr'>ad</span> <span class='ocrx_word' id='word_1_440' title='bbox 1471 4969 1498 5018; x_wconf 90' lang='lat' dir='ltr'>id</span> <span class='ocrx_word' id='word_1_441' title='bbox 1518 4967 1674 5032; x_wconf 88' lang='lat' dir='ltr'>praetorium</span> 
     </span>
     <span class='ocr_line' id='line_1_44' title="bbox 343 5059 1676 5125; baseline 0 -17"><span class='ocrx_word' id='word_1_442' title='bbox 343 5059 470 5109; x_wconf 88' lang='lat' dir='ltr'>referendi</span> <span class='ocrx_word' id='word_1_443' title='bbox 491 5075 542 5110; x_wconf 92' lang='lat' dir='ltr'>non</span> <span class='ocrx_word' id='word_1_444' title='bbox 563 5060 658 5111; x_wconf 86' lang='lat' dir='ltr'>habent</span> <span class='ocrx_word' id='word_1_445' title='bbox 682 5075 714 5110; x_wconf 82' lang='lat' dir='ltr'>ex</span> <span class='ocrx_word' id='word_1_446' title='bbox 739 5062 817 5112; x_wconf 89' lang='lat' dir='ltr'>Italia</span> <span class='ocrx_word' id='word_1_447' title='bbox 840 5062 963 5112; x_wconf 87' lang='lat' dir='ltr'>oriundos</span> <span class='ocrx_word' id='word_1_448' title='bbox 989 5063 1083 5111; x_wconf 86' lang='lat' dir='ltr'>milites</span> <span class='ocrx_word' id='word_1_449' title='bbox 1107 5061 1217 5125; x_wconf 86' lang='lat' dir='ltr'>legionis</span> <span class='ocrx_word' id='word_1_450' title='bbox 1236 5059 1376 5110; x_wconf 82' lang='lat' dir='ltr'>Africanae</span> <span class='ocrx_word' id='word_1_451' title='bbox 1401 5060 1450 5110; x_wconf 89' lang='lat' dir='ltr'>nisi</span> <span class='ocrx_word' id='word_1_452' title='bbox 1475 5075 1554 5109; x_wconf 83' lang='lat' dir='ltr'>nuum</span> <span class='ocrx_word' id='word_1_453' title='bbox 1579 5059 1676 5108; x_wconf 82' lang='lat' dir='ltr'>duosve</span> 
     </span>
    </p>
   </div>
   <div class='ocr_carea' id='block_1_4' title="bbox 344 5143 1676 5293">
    <p class='ocr_par' dir='ltr' id='par_1_7' title="bbox 344 5143 1676 5293">
     <span class='ocr_line' id='line_1_45' title="bbox 344 5143 1676 5220; baseline -0.002 -18"><span class='ocrx_word' id='word_1_454' title='bbox 344 5143 405 5202; x_wconf 69' lang='lat' dir='ltr'>ia&#39;ol.</span> <span class='ocrx_word' id='word_1_455' title='bbox 420 5151 496 5213; x_wconf 87' lang='lat' dir='ltr'>VIII,</span> <span class='ocrx_word' id='word_1_456' title='bbox 518 5155 597 5203; x_wconf 79' lang='grc'>9919.</span> <span class='ocrx_word' id='word_1_457' title='bbox 613 5152 703 5215; x_wconf 79' lang='grc'>9983),</span> <span class='ocrx_word' id='word_1_458' title='bbox 723 5154 830 5204; x_wconf 88' lang='lat' dir='ltr'>aliarum</span> <span class='ocrx_word' id='word_1_459' title='bbox 851 5169 952 5220; x_wconf 90' lang='lat' dir='ltr'>quoqne</span> <span class='ocrx_word' id='word_1_460' title='bbox 972 5153 1162 5218; x_wconf 77' lang='lat' dir='ltr'>provinciarum</span> <span class='ocrx_word' id='word_1_461' title='bbox 1182 5167 1332 5218; x_wconf 88' lang='lat' dir='ltr'>perpaucos,</span> <span class='ocrx_word' id='word_1_462' title='bbox 1352 5159 1441 5203; x_wconf 85' lang='lat' dir='ltr'>contra</span> <span class='ocrx_word' id='word_1_463' title='bbox 1453 5151 1676 5216; x_wconf 87' lang='lat' dir='ltr'>longeplerosque</span> 
     </span>
     <span class='ocr_line' id='line_1_46' title="bbox 345 5243 493 5293; baseline 0 -1"><span class='ocrx_word' id='word_1_464' title='bbox 345 5243 493 5293; x_wconf 83' lang='lat' dir='ltr'>Africanos.</span> 
     </span>
    </p>
   </div>
   <div class='ocr_carea' id='block_1_5' title="bbox 0 0 1798 5932">
    <p class='ocr_par' dir='ltr' id='par_1_8' title="bbox 0 0 1798 5932">
     <span class='ocr_line' id='line_1_47' title="bbox 0 0 1798 5932; baseline 0 0"><span class='ocrx_word' id='word_1_465' title='bbox 0 0 1798 5932; x_wconf 95' lang='lat' dir='ltr'> </span> 
     </span>
    </p>
   </div>
  </div>
 </body>
</html>
