3332 5932
473 606 675 658 PROVINCIA
703 607 875 658 NVMlDlA.

320 893 446 953 XXllb.
483 891 753 954 NARAGGARA
780 889 903 968 (K'atbu
926 893 1039 970 Mruu).

69 1070 257 1140 inmitibus,
287 1069 338 1144 qui
361 1089 379 1126 a
401 1069 585 1142 Fedj-llrau
609 1069 741 1127 Arabum
764 1085 842 1144 pago
865 1067 982 1126 durrbus
1004 1069 1066 1126 iere
1089 1069 1219 1126 chiliom.
1242 1069 1351 1127 absunt

33 1173 248 1247 septentrionem
268 1187 383 1242 versus,
406 1171 506 1229 inveni
530 1171 637 1229 rudera
659 1171 805 1228 latissime
829 1170 962 1246 patentia
984 1171 1270 1249 specieruagnifica,
1294 1175 1349 1229 sei-

31 1277 86 1334 lieet
105 1273 319 1344 aedificiorum,
347 1292 423 1349 quae
446 1273 546 1330 omnia
568 1291 659 1348 opere
680 1273 872 1348 quadratario
895 1271 974 1332 faeta
996 1279 1111 1344 essent,
1138 1273 1244 1348 quibus
1271 1273 1349 1348 apud

32 1379 164 1452 indigenas
191 1395 304 1434 nomen
331 1384 378 1435 eat
403 1370 509 1434 K'aida
535 1375 634 1434 Mrau.
687 1375 721 1432 In
749 1375 825 1434 colle
852 1381 986 1432 extremo
1014 1375 1093 1433 areis
1120 1375 1260 1451 autiquae
1288 1395 1350 1434 oer-

30 1491 120 1537 nuntur
139 1479 286 1555 reliquiae
312 1489 341 1537 et
368 1477 521 1536 meridiem
549 1494 655 1538 versus
683 1477 749 1536 sona
777 1477 877 1552 largus
905 1477 1046 1535 scaturrit
1075 1493 1170 1552 aquae
1197 1477 1349 1552 potabilis

31 1583 127 1639 Addam
147 1582 178 1639 in
203 1581 326 1639 collium
345 1579 432 1639 olivis
450 1579 733 1655 septentrionalibus
751 1597 797 1638 me
811 1579 983 1666 repperisse
999 1579 1181 1655 necropolim
1197 1599 1348 1656 magnam.

31 1684 218 1754 llonumeota‚
254 1701 380 1759 quorum
408 1689 521 1740 tanturn
549 1681 647 1758 capita
675 1681 844 1759 prominent
873 1701 911 1738 ex
940 1682 1030 1739 humo
1059 1681 1141 1738 molli
1170 1700 1205 1740 ac
1235 1683 1348 1759 pingui,

30 1805 79 1842 eum
98 1786 191 1844 titulis
215 1786 374 1844 videantur
395 1803 511 1855 carere,
541 1783 747 1843 defunctorum
776 1783 878 1859 figuris
906 1791 957 1840 aut
985 1783 1138 1842 numinum
1167 1784 1347 1860 imaginibus

33 1889 111 1963 eisque
138 1906 284 1966 magnam
314 1895 428 1962 partem
460 1887 661 1970 monstruosis
692 1895 837 1944 exornata
868 1895 937 1943 suut
963 1885 1024 1943 iere
1050 1887 1160 1944 omnia.
1216 1886 1348 1962 Lapides

34 2008 88 2064 quos
108 1990 208 2048 iuueni
234 1989 329 2047 titulis
352 1989 514 2065 inscriptos
537 2001 588 2047 aut
610 1987 725 2046 Latinis
749 1999 801 2046 aut
822 1987 946 2046 Punicis
969 1997 1021 2046 aut
1041 1986 1164 2063 Libyeis
1188 1989 1284 2046 cuncti
1306 1990 1349 2046 ui-

39 2092 114 2148 dentur
135 2091 291 2169 pertinere
314 2090 351 2148 ad
373 2090 497 2148 alteram
521 2091 701 2166 necropolirn
722 2091 752 2148 in
771 2089 849 2148 olivo
865 2089 1001 2148 orientali
1017 2098 1176 2167 patentem.
1214 2089 1348 2149 Tertiam

37 2211 130 2269 seuque
153 2194 352 2252 christianam
376 2193 469 2250 fuisse
492 2213 510 2250 a
529 2203 613 2267 parte
628 2192 815 2250 meridionali
831 2210 869 2248 ex
885 2209 943 2249 uno
959 2191 1044 2249 titulo
1059 2212 1088 2250 n.
1102 2191 1159 2250 791
1178 2211 1236 2251 non
1253 2193 1347 2251 ausim

32 2303 144 2353 statuero.
197 2295 270 2352 Hoo
293 2305 390 2354 autem
413 2296 481 2353 loeo
503 2295 595 2353 fuisse
622 2295 774 2370 antiquam
798 2292 1018 2371 Naraggaram,
1049 2293 1088 2350 ad
1115 2313 1203 2369 quam
1230 2295 1347 2369 priores

30 2398 182 2456 rettulerunt
206 2397 320 2454 rudera
342 2399 378 2456 ab
401 2397 449 2456 hia
472 2397 551 2454 haud
573 2398 615 2454 ita
638 2414 746 2474 magno
768 2395 929 2454 intervallo
952 2395 1101 2454 disiuncta
1116 2397 1269 2456 meridiem
1285 2415 1347 2455 var·

30 2517 79 2570 sus,
104 2520 179 2576 quae
207 2507 283 2558 aunt
309 2500 346 2557 ad
369 2499 435 2558 Sidi
444 2499 556 2574 -liises
578 2498 629 2574 (=
654 2497 736 2556 Kaar
755 2499 880 2574 Djater)
908 2497 1000 2556 multo
1028 2497 1157 2570 minora,
1184 2501 1252 2576 ipsa
1278 2499 1346 2558 reli-

29 2603 141 2674 quiarum
164 2602 257 2660 docet
279 2601 454 2676 amplitudo.
492 2600 578 2674 Quae
600 2600 636 2658 de
659 2601 713 2658 hoo
736 2600 847 2676 oppido
870 2599 988 2659 aliunde
1004 2609 1074 2659 nota
1090 2612 1157 2659 sunt
1179 2601 1347 2679 composuit

28 2701 174 2764 llummsen
199 2702 241 2763 O.
257 2722 285 2779 p.
298 2703 368 2763 468.

28 2874 82 2934 789
107 2873 217 2937 K’siba
243 2878 339 2936 Mrau.

537 2976 562 3017 n
594 2962 662 3034 nt
695 2963 705 3018 l
742 2962 752 3019 r
786 2962 795 3018 r
833 2963 842 3018 r
876 2961 885 3018 t

538 3065 760 3122 lasosn
818 3076 885 3120 oa

536 3178 884 3220 arnasanour

534 3280 752 3334 pnocvuo
787 3281 885 3323 Flam

474 3388 485 3426 a
534 3370 734 3427 troueas
777 3383 824 3424 ετ
859 3385 884 3425 n

27 3509 190 3589 litaqueray
215 3511 287 3570 buil.
310 3513 343 3571 de
365 3530 438 3569 eorr.
462 3513 545 3586 afric.
569 3511 642 3568 iaso.
656 3509 699 3566 Vl
722 3527 749 3568 a.
768 3509 845 3568 1883
870 3529 898 3585 p.
916 3510 987 3567 301.

56 3614 196 3692 lapidem
221 3615 349 3672 fractum
372 3633 440 3674 essa
464 3633 521 3672 non
545 3613 702 3672 indicatur.

31 3750 63 3762 h·-

27 3841 81 3903 tto
107 3843 222 3906 K’siba
246 3846 332 3904 Mrau
355 3847 385 3904 in
407 3845 485 3905 olivo
508 3844 546 3902 ad
569 3844 712 3902 orientem
735 3853 764 3901 et
787 3843 1019 3920 septentrionem
1042 3851 1191 3919 vergente.

439 3998 460 4038 n
513 3999 539 4038 n
592 3995 607 4038 s
685 3976 688 4021 ¹
744 3995 764 4036 o
829 3997 854 4036 n
929 3995 943 4037 s

382 4099 661 4154 coeuntia
713 4095 990 4140 conusurvs

319 4198 990 4284 nesarvarrrnpsunroatr

381 4285 551 4345 rixrr
594 4283 883 4349 nutrirxrr
926 4301 988 4341 aru

318 4404 472 4448 aurs
519 4374 803 4487 txxrrrlurs
851 4401 991 4444 lxxxv

21 4489 175 4573 Descripsi.

55 4595 70 4651 ‘2
92 4599 148 4676 leg.
165 4596 362 4673 Satur[n]ina,
385 4597 564 4673 Barip[b]al.

24 4845 77 4906 tat
104 4852 210 4910 tabula
230 4853 261 4911 in
282 4852 380 4911 rivulo
403 4854 503 4911 iaoens
526 4847 635 4910 K’siba
657 4850 743 4909 Mrau
766 4851 804 4908 ad
826 4851 913 4910 collis
936 4851 1041 4927 pedem
1065 4848 1299 4908 meridionalem.

438 5006 480 5047 lic
507 5006 578 5048 iacet
606 5007 625 5046 t.
651 5017 679 5046 nu.
702 5003 854 5048 ausotttvs

439 5108 610 5159 requiescit
648 5109 680 5148 ta
713 5107 825 5160 pacat

440 5211 496 5251 uixit
511 5221 546 5252 aa.
557 5221 581 5263 p.
596 5222 623 5253 m.
640 5209 911 5252 ...scavino-oct

22 5266 176 5351 Descripsi.
