3348 5926
266 555 337 631 628
838 579 1020 633 uouusnu

263 753 416 813 adnotatio
437 773 584 832 nusquam
607 755 798 814 adscribitur.
834 754 930 814 Immo
953 754 1044 812 rerba
1064 771 1100 814 eo
1123 754 1233 812 ducunt
1254 753 1435 830 peculiarem
1450 753 1586 830 quandam

262 873 358 932 neque
380 875 446 916 cum
468 857 593 935 reliquis
616 857 795 918 officialibus
817 875 1004 916 communem
1026 857 1173 932 originem
1192 856 1337 934 principis
1363 857 1402 914 iis
1425 856 1585 932 significari.

261 956 379 1017 Deinde
401 961 454 1035 qui
475 961 518 1019 ita
539 965 772 1036 interpretantur
795 959 914 1018 videant
934 977 1093 1034 quemnam
1116 958 1284 1035 principum
1303 959 1501 1017 creandorum
1518 958 1586 1016 ordi·

262 1079 330 1119 nem
352 1061 491 1121 efficiant.
530 1060 651 1123 Scilicet
671 1062 714 1120 ita
735 1061 773 1121 de
795 1062 898 1120 schola
920 1061 1071 1140 agentium
1092 1063 1123 1119 in
1145 1061 1236 1120 rebus
1250 1060 1416 1138 prinoipem
1431 1061 1586 1139 acciperent

260 1164 365 1223 vicarii
387 1182 502 1238 omnes,
525 1164 720 1241 proconsules
742 1165 878 1224 Achaiae
899 1173 930 1224 et
951 1165 1081 1238 Africae,
1105 1181 1204 1222 comes
1228 1165 1376 1241 Aegypti,
1399 1163 1493 1222 duces
1514 1164 1586 1241 pleri-

261 1285 335 1343 que;
358 1266 395 1325 de
417 1285 473 1326 suo
497 1277 594 1327 autem
613 1268 711 1327 officio
727 1267 888 1343 proconsul
902 1267 1006 1338 Asiae,
1028 1265 1183 1344 praesides
1199 1283 1315 1338 omnes,
1338 1283 1439 1324 comes
1455 1265 1585 1337 Isauriae,

261 1388 299 1428 ex
321 1368 445 1429 ducibus
468 1379 550 1443 octo,
580 1379 612 1429 ut
633 1371 717 1429 nulla
739 1377 820 1429 certa
839 1369 889 1428 lex
914 1387 1011 1446 usque
1038 1386 1155 1445 quaque
1182 1368 1434 1445 deprehendatur.
1483 1367 1585 1427 Deinde

260 1473 426 1546 praemium
452 1473 533 1548 quod
558 1472 785 1551 subiungitur¹)
814 1471 903 1531 modo
928 1467 1065 1530 ‘adorata
1090 1471 1248 1529 clementia
1274 1470 1435 1548 principali
1461 1489 1526 1528 oum
1548 1471 1587 1528 in-

258 1573 392 1652 signibus
414 1575 478 1632 exit
503 1583 654 1634 transacto
680 1569 824 1646 biennio’,
855 1575 945 1634 modo
969 1570 1135 1650 ‘completa
1160 1571 1267 1632 militia
1292 1574 1400 1632 adorat
1426 1567 1590 1650 protector',

258 1683 359 1752 aperte
380 1676 459 1734 idem
481 1685 543 1749 est,
573 1687 602 1736 et
624 1684 692 1754 apte
715 1679 835 1736 omnino
862 1693 955 1753 egens
980 1676 1012 1733 in
1038 1676 1127 1735 rebus
1153 1695 1207 1752 per
1233 1676 1438 1751 principatum
1465 1675 1505 1733 ad
1527 1693 1589 1753 pro·

257 1778 412 1837 tectoriam
436 1779 608 1856 dignitatem
632 1780 786 1838 adscendit
813 1779 896 1854 (vide
922 1795 1014 1854 supra
1035 1797 1064 1853 p.
1081 1777 1153 1853 134)
1161 1799 1170 1850 ;
1204 1787 1235 1836 at
1261 1778 1343 1853 prior
1369 1777 1503 1836 formula
1526 1795 1590 1836 con·

256 1881 357 1940 iuncta
378 1881 529 1940 invenitur
550 1901 617 1940 cum
640 1881 774 1958 principe
799 1877 918 1958 ‘agente
940 1881 970 1938 in
992 1875 1104 1952 rebus’,
1134 1879 1284 1956 posterior
1306 1899 1374 1938 cum
1395 1880 1530 1957 principe
1548 1876 1592 1937 ‘de

257 1983 362 2042 eodem
389 1977 514 2056 officio’,
544 2003 599 2046 neo
624 1992 696 2060 puto
724 1984 882 2060 quisquam
912 1983 1050 2042 admittet
1077 1981 1202 2041 eundem
1229 1983 1374 2041 honorem
1403 1982 1507 2040 haberi
1533 1991 1591 2040 tam

256 2085 386 2162 principi
413 2085 548 2163 proiecto
576 2106 614 2145 ex
641 2086 798 2163 agentibus
827 2085 859 2143 in
888 2085 977 2144 rebus
1004 2103 1092 2161 quam
1122 2091 1242 2160 sumpto
1275 2103 1313 2143 ex
1341 2084 1591 2144 cohortalinorum

257 2187 359 2263 aliquo
386 2188 481 2247 infimi
509 2189 631 2247 honoris
662 2207 795 2264 corpore.
845 2188 952 2265 Itaque
980 2187 1171 2246 statuendum
1199 2195 1246 2244 est
1271 2186 1403 2246 formula
1427 2183 1472 2245 ‘de
1493 2185 1591 2246 eodem

257 2284 368 2348 officio’
389 2290 421 2348 in
436 2288 555 2348 Notitia
571 2290 758 2367 Dignitatem
780 2291 924 2349 relatione
946 2291 1026 2348 iacta
1048 2289 1086 2347 ad
1109 2307 1237 2366 eaquae
1251 2289 1437 2366 praecedunt
1449 2289 1482 2348 id
1496 2291 1592 2366 ipsum

258 2391 419 2468 significari
443 2393 522 2469 quod
545 2392 712 2469 significant
734 2395 824 2451 verba
848 2387 893 2450 ‘de
914 2392 1018 2451 schola
1039 2393 1190 2468 agentium
1212 2391 1243 2448 in
1266 2388 1368 2466 rebus'
1390 2403 1421 2451 et
1441 2391 1500 2450 hoc
1523 2413 1591 2468 quo

256 2513 314 2570 que
336 2494 505 2552 addendum
527 2495 564 2553 ad
587 2494 645 2553 alia
667 2495 762 2554 multa
784 2495 1017 2570 perturbationis
1041 2503 1070 2552 et
1091 2493 1309 2552 emendationis
1330 2494 1441 2553 indicia
1464 2513 1516 2570 per
1533 2494 1591 2554 No

256 2597 353 2654 titiam
375 2597 522 2674 dispersa,
545 2597 625 2673 quod
646 2597 776 2656 formula
794 2593 841 2655 ‘dc
863 2597 968 2656 eodem
992 2592 1104 2655 officio’
1127 2597 1223 2655 tribus
1246 2596 1322 2656 locis
1344 2597 1405 2654 iam
1425 2599 1591 2656 nonhabet

257 2716 317 2773 quo
338 2707 407 2773 apte
428 2699 584 2758 referatur.

298 2799 366 2858 Hoc
386 2800 520 2860 admisso
542 2797 659 2861 Notitia
678 2801 843 2879 Dignitatis
864 2800 995 2862 Orientis
1017 2801 1097 2877 quod
1118 2802 1156 2861 ad
1178 2801 1345 2878 principem
1367 2806 1487 2875 attinet,
1507 2803 1592 2880 plane

257 2901 453 2976 aequabiliter
475 2903 614 2962 decurrit.
653 2902 747 2964 Serus
771 2915 817 2963 est
838 2905 868 2962 in
884 2903 1061 2964 Occidente:
1084 2905 1125 2962 ibi
1148 2905 1225 2962 enim
1240 2905 1434 2980 magistratus
1448 2905 1591 2964 nuditates

256 3004 490 3081 provinciarum,
514 3005 628 3064 scilicet
649 3007 794 3085 magister
815 3007 947 3082 equitum
970 3027 1022 3084 per
1046 3004 1180 3079 Gallias,
1207 3008 1333 3066 comites
1356 3025 1477 3079 omnes,
1504 3007 1591 3067 duces

257 3105 391 3182 exceptis
423 3105 517 3165 tribus
545 3107 766 3167 Pannoniarum
799 3109 925 3168 duarum
956 3119 985 3167 ct
1011 3107 1205 3185 velarint),
1245 3109 1411 3185 principem
1443 3111 1592 3188 accipiunt

212 3291 213 3296 ἵ
257 3227 318 3266 non
340 3228 358 3266 a
384 3207 528 3284 magistro
554 3209 736 3282 officiorum,
772 3212 823 3269 sed
848 3205 896 3270 ‘ex
923 3209 1030 3270 officiis
1057 3212 1271 3288 magistrorum
1298 3212 1426 3270 militum
1453 3232 1591 3290 praesen·

256 3311 376 3382 talium,
405 3328 464 3367 uno
492 3329 570 3369 anno
598 3331 617 3368 a
642 3321 727 3390 parte
754 3313 902 3389 peditum,
933 3312 992 3370 alio
1019 3331 1037 3370 a
1062 3323 1148 3388 parte
1175 3309 1367 3388 equitum'²).
1421 3313 1512 3374 Hanc
1546 3318 1590 3374 ad·

256 3412 486 3472 ministrationis
509 3416 705 3473 mutationem
727 3423 796 3474 ante
818 3433 844 3472 a.
863 3415 922 3474 398
945 3415 1112 3473 institutam
1135 3432 1204 3474 esse
1230 3415 1295 3474 eius
1321 3418 1392 3475 anni
1419 3419 1591 3478 constitutio

257 3514 442 3590 declarat4),
472 3516 660 3576 coniunctam
682 3517 886 3576 verisimiliter
908 3535 974 3574 cum
998 3517 1154 3576 dominatu
1177 3515 1367 3592 Stilichonis;
1397 3539 1460 3579 non
1482 3521 1591 3599 porrigi

257 3634 322 3674 eam
346 3617 384 3675 ad
405 3627 466 3675 tres
488 3617 612 3676 ducatus
635 3619 810 3678 Pannonias
833 3619 960 3678 tortasse
986 3618 1055 3677 inde
1081 3619 1308 3694 explicandum,
1335 3623 1417 3698 quod
1442 3641 1498 3681 eas
1529 3644 1591 3700 par·

257 3727 302 3777 tes
324 3739 360 3777 eo
383 3726 516 3796 tempore
540 3718 631 3779 Gothi
655 3723 804 3780 tenebant.
832 3754 872 3764 -
905 3721 954 3778 Ad
976 3722 1168 3797 magistratus
1189 3723 1293 3782 civiles
1320 3725 1447 3782 mutatio
1475 3745 1513 3784 ea
1538 3745 1590 3785 non

256 3822 401 3896 pervenit.
438 3821 533 3880 lmmo
555 3821 592 3881 de
615 3824 746 3896 vicariis,
769 3825 837 3882 item
860 3825 896 3881 de
918 3824 1094 3900 proconsule
1111 3823 1233 3884 Africae
1255 3827 1367 3884 mansit
1388 3827 1515 3903 antiqua
1537 3829 1590 3899 lex,

256 3933 288 3981 ut
309 3925 472 4001 principem
495 3929 664 4004 acciperent
684 3935 822 4004 agentem
844 3926 874 3982 in
898 3925 997 3984 rebus.
1033 3925 1083 3984 Ex
1105 3927 1297 4002 praesidibus
1319 3929 1372 4004 qui
1395 3929 1486 4004 primi
1502 3930 1590 3989 nomi·

255 4033 365 4084 nentur
386 4029 561 4088 consulares
584 4030 721 4088 dicuntur
743 4029 878 4105 accipere
900 4029 1064 4105 principem
1088 4023 1133 4086 'de
1154 4029 1254 4088 officio
1276 4030 1420 4106 praefecti
1443 4032 1590 4106 praetorio

256 4123 385 4200 Italiae’,
408 4149 460 4190 eos
483 4132 535 4207 qui
558 4132 712 4207 excipiunt
734 4139 917 4190 correctores
940 4141 970 4189 et
984 4131 1139 4208 praesides
1154 4130 1263 4208 reliqui
1282 4127 1334 4190 ‘ex
1350 4131 1455 4192 eodem
1473 4127 1589 4193 officio'.

259 4263 464 4276 ———-.——

315 4339 339 4402 ¹)
359 4342 443 4392 Locos
461 4343 558 4394 indicat
576 4344 656 4394 index
676 4343 777 4397 Seeokii
795 4359 821 4408 p.
836 4343 898 4393 307.

314 4430 339 4495 ²)
359 4435 426 4485 Vide
444 4451 469 4500 p.
485 4435 537 4486 625
558 4453 582 4486 n.
597 4437 622 4486 3.
664 4437 697 4486 In
717 4437 757 4486 his
775 4437 887 4486 formula
906 4435 1013 4500 antiqua
1031 4435 1147 4485 consulto
1168 4435 1270 4485 videtur
1288 4443 1386 4487 retente
1411 4451 1481 4502 esse;
1507 4447 1588 4490 eontra

256 4533 347 4591 quarto
366 4527 424 4577 loco
445 4527 488 4590 38,
505 4532 537 4578 11
561 4529 588 4578 in
608 4529 672 4578 duce
690 4527 811 4594 Belgicae
829 4530 954 4578 secundae
973 4532 1097 4580 remansit
1116 4543 1170 4577 non
1194 4529 1274 4578 dubio
1299 4544 1394 4579 errore.
1437 4531 1509 4582 Nam
1531 4545 1588 4596 quae

256 4619 407 4671 obtinebant
425 4621 457 4670 de
476 4621 581 4686 reliquis
600 4621 733 4672 ducatibus
753 4619 951 4673 Germaniarum
971 4626 996 4671 et
1014 4619 1224 4684 Britanniam,
1254 4621 1287 4672 ad
1307 4621 1376 4673 hunc
1395 4638 1501 4689 qnoque
1518 4623 1587 4689 perti·

255 4713 340 4762 nuerit
358 4728 460 4763 necesse
480 4719 526 4762 est.

314 4801 338 4866 ³)
358 4803 465 4856 Brevius
484 4805 572 4871 paullo
592 4805 636 4867 29,
656 4807 670 4854 7
695 4812 721 4855 et
745 4805 872 4872 deinceps.
914 4805 959 4856 Bis
980 4807 1024 4869 28,
1043 4807 1086 4857 23.
1112 4807 1155 4870 36,
1178 4807 1192 4855 7
1217 4807 1296 4858 rerba
1320 4809 1449 4874 quaedam
1474 4809 1585 4859 deficiunt

256 4897 398 4961 supplenda
417 4898 524 4948 omnino
544 4898 577 4947 ad
596 4898 710 4962 reliquos
727 4898 807 4960 locos,
828 4913 875 4949 nec
894 4900 1080 4963 corrigendum,
1101 4907 1129 4949 ut
1147 4899 1209 4949 lecit
1226 4899 1359 4952 Seechins.

313 4985 338 5049 ⁴)
359 4989 387 5040 G.
403 4990 453 5040 Th.
475 4993 498 5052 1,
521 4991 545 5052 7,
565 4988 580 5038 3
605 4990 667 5041 data
685 5005 708 5040 a.
723 4989 775 5041 398
796 4991 867 5055 Sept.
888 4991 921 5040 13
945 4992 980 5041 ad
1004 4991 1174 5044 Stilichonem
1196 4993 1348 5056 magistrum
1373 4993 1497 5042 militum:
1521 4989 1584 5040 Sient

256 5081 405 5131 clarissimis
423 5082 489 5131 airis
507 5081 636 5132 comitibus
655 5081 812 5133 diversarum
829 5083 1020 5150 provinciarum
1038 5090 1062 5133 et
1080 5083 1195 5145 limitum,
1222 5085 1261 5134 ita
1279 5091 1304 5134 et
1322 5085 1379 5135 ciro
1401 5082 1533 5152 spectabili
1547 5097 1582 5132 ro·

255 5173 311 5222 miti
326 5188 374 5239 per
392 5171 509 5239 Africum
522 5175 655 5242 patrioque
674 5182 699 5226 et
716 5175 854 5226 rrumernrii
871 5191 902 5224 es
921 5175 1004 5241 officio
1023 5175 1184 5242 magisteriae
1205 5177 1341 5243 potestatis
1359 5178 1496 5228 mertuum.
1534 5176 1582 5226 Har

257 5265 437 5315 constitutione
451 5267 581 5319 ordinatio
595 5267 690 5334 deque
704 5269 804 5334 εεὶιιιιιε
818 5267 852 5318 ad
865 5268 983 5320 Africam
995 5269 1098 5333 prolata
1110 5275 1149 5318 est
1167 5269 1267 5320 devicto
1286 5269 1376 5334 paullo
1395 5275 1455 5321 ante
1472 5269 1581 5322 Gildone.
