3330 5934
333 579 406 653 350
770 603 1045 654 sonuuuuuuus
1073 601 1157 654 von.
1172 601 1241 652 vm
1535 603 1621 655 uus-uu

333 771 403 834 556
425 774 455 832 ia
477 775 654 852 fragmentis
669 777 799 854 quinque
814 775 884 835 altis
902 796 938 834 m.
953 775 1035 850 0,60,
1057 775 1128 835 latis
1143 795 1163 834 a
1178 773 1260 848 2,52,
1282 774 1298 834 6
1314 771 1396 848 2,56,
1418 773 1520 848 capt,
1537 775 1622 846 6246,

375 873 489 950 ο2,45,
511 877 568 937 litt.
585 877 658 952 0,30
679 897 743 956 rep.
766 878 938 938 Tebursulr.

615 1031 634 1070 a
846 1014 862 1072 b
1111 1033 1126 1070 o
1352 1013 1374 1070 cl

538 1127 715 1174 DEDICANTE
763 1129 912 1175 caelortlo
934 1131 965 1174 lV
1013 1129 1109 1176 [talto
1131 1129 1221 1174 ΑΜΡΙΙ
1270 1128 1363 1174 581Μο
1385 1129 1465 1174 PROC

912 1253 926 1292 d

826 1351 948 1397 ONSVLE
970 1351 1115 1397 charissimo
1135 1355 1184 1396 utro

334 1470 432 1532 Nobis
459 1471 542 1530 misit
568 1471 719 1532 Poinssot.
774 1471 824 1530 Ad
851 1470 984 1530 eiusdem
1014 1471 1186 1549 exemplum
1218 1471 1293 1531 adid.
1329 1469 1363 1532 G.
1393 1470 1498 1530 Tissot
1527 1472 1630 1528 troislira

336 1584 460 1652 rapport
481 1595 510 1652 p.
527 1575 555 1634 6.
1312 1555 1318 1568 ’

377 1675 572 1735 Dedieantem
594 1674 701 1736 Tissot
729 1677 898 1754 suspicatur
920 1677 1046 1736 eundem
1069 1693 1135 1736 esse
1157 1682 1248 1754 atque
1269 1675 1425 1735 Alienium
1447 1673 1585 1734 Ceionium
1601 1673 1630 1731 lu-

334 1779 449 1837 lianum
472 1777 646 1838 Camenium
669 1776 791 1854 (CVI,
828 1778 938 1856 1675),
966 1779 1016 1855 qui
1043 1779 1100 1838 fuit
1128 1777 1299 1855 praefectus
1322 1778 1390 1835 urbi
1419 1797 1447 1836 a
1464 1776 1519 1836 993
1543 1785 1630 1833 etcou·

336 1880 447 1940 sularis
462 1879 622 1940 Numidiae
644 1889 713 1938 ante
735 1899 762 1938 a.
776 1881 851 1955 330,
875 1888 907 1939 ut
921 1881 1058 1941 Africam
1078 1881 1335 1941 administraverit
1356 1887 1492 1957 tempore
1506 1879 1630 1938 interlita

337 1983 397 2042 duo
424 2001 547 2042 munera
566 1983 753 2042 intermedio.

338 2173 407 2236 557
430 2135 645 2236 ’6556656565
668 2175 794 2237 aedibus
816 2177 953 2254 privatis.

923 2297 943 2338 D
1000 2297 1094 2339 MS

893 2380 1120 2423 rauavr

891 2465 911 2506 Λ
980 2464 1119 2506 ΝΛΜ

895 2545 1120 2590 Gonni

831 2631 1121 2674 tuaeve

916 2713 1090 2756 ΙΧΧΧΙΙΙ

895 2797 915 2837 Η
1000 2795 1015 2840 S
1104 2797 1120 2838 Ε

342 2901 510 2977 Deseripsi.
543 2899 662 2962 Nomen
684 2901 769 2979 prius
792 2907 888 2960 utrum
912 2900 952 2960 sit
973 2901 1093 2960 Ialouto
1114 2920 1151 2960 an
1168 2901 1298 2960 lalanda
1319 2916 1380 2958 uon
1402 2899 1512 2977 liquet;
1533 2895 1634 2960 etun

341 3005 430 3082 padda
451 3003 542 3063 4906.
559 3003 650 3063 4907.
668 3001 758 3063 6529.
775 3002 866 3078 9199,
888 3003 1087 3080 Numpedeaia
1110 3001 1201 3062 2925.

634 3287 776 3348 milvo.
815 3285 887 3346 vol
909 3283 1040 3346 MAIVS
1067 3286 1136 3363 (Ην.
1161 3287 1370 3362 etl-Dudmie).

391 3423 513 3485 Uritano
536 3427 601 3497 duo,
623 3429 716 3485 maius
738 3437 765 3484 et
783 3429 876 3484 nunus
898 3424 1015 3485 Plinius
1042 3431 1178 3484 reeenset
1203 3424 1281 3483 iuter
1302 3425 1417 3504 oppida
1439 3425 1544 3486 nivium
1563 3424 1637 3482 Rous-

344 3547 449 3588 norum
470 3528 499 3586 h.
516 3547 545 3586 n.
562 3529 591 3600 5,
607 3530 636 3601 4,
652 3530 680 3586 4.
715 3514 823 3592 Οόκιβι
845 3527 927 3604 quod
949 3525 1055 3604 legitur
1076 3527 1155 3604 apud
1171 3525 1379 3588 Ptolemaeum
1402 3529 1434 3602 4,
1451 3529 1480 3602 3,
1498 3525 1533 3587 29
1552 3547 1583 3586 ex
1594 3511 1638 3580 Osa

345 3637 516 3704 corruptum
540 3649 605 3690 esse
628 3629 757 3690 ooaieoit
779 3629 951 3688 Moroellius
973 3629 1038 3688 afr.
1058 3629 1160 3688 christ.
1176 3627 1201 3702 1,
1223 3629 1294 3690 348.
1339 3627 1373 3690 Si
1397 3629 1590 3710 corrigendum
1605 3633 1640 3690 esu

345 3739 378 3790 ut
399 3731 516 3790 videtur
537 3750 620 3806 esse,
654 3719 738 3788 olm
760 3721 800 3796 β’
821 3733 840 3792 i.
858 3751 884 3791 e.
906 3731 957 3790 Uei
979 3733 1044 3802 duo,
1078 3750 1115 3790 ea
1135 3732 1214 3791 inter
1237 3750 1272 3791 se
1298 3732 1398 3791 vicina
1419 3733 1515 3794 fuisse
1538 3728 1639 3806 aquai·

346 3831 393 3892 Cf.
410 3833 499 3892 etiam
523 3851 615 3910 supra
635 3853 664 3891 u.
678 3833 747 3892 442.
786 3832 839 3892 Uri
853 3833 953 3893 Maias
976 3833 1096 3892 ubinam
1119 3832 1207 3892 fuerit
1229 3853 1307 3893 nuno
1327 3835 1358 3892 in
1373 3845 1481 3912 aperto
1496 3841 1538 3894 est
1550 3829 1639 3890 iuvenis

347 3935 441 3993 titulis
464 3952 492 3994 a.
510 3935 693 4008 558-561,
715 3937 746 3994 in
769 3937 878 4011 quibus
900 3935 1070 4013 appellatur
1091 3944 1144 3995 aut
1166 3937 1281 3995 colonia
1299 3935 1446 3997 Mariana
1468 3936 1536 4016 (om.
1555 3927 1639 4001 nili]

347 4036 481 4112 Aapusta
495 4037 718 4097 Alexandriana
734 4037 805 4097 Ueli
815 4037 915 4097 Maius
933 4037 975 4114 (u.
988 4035 1063 4109 5583
1092 4035 1297 4097 Uobitaaoram
1308 4038 1456 4098 Maiarum
1479 4060 1508 4099 n.
1520 4036 1578 4096 559.
1591 4027 1640 4102 iil)

347 4147 398 4198 aut
408 4139 529 4197 breuius
541 4138 681 4216 col(onia)
695 4137 898 4199 Uchitanoruru
908 4139 1055 4198 Maiarum
1067 4139 1109 4214 (n.
1117 4137 1202 4216 560).
1226 4137 1274 4199 of.
1287 4141 1450 4200 Aunviet.
1463 4141 1500 4200 de
1511 4141 1558 4197 riu.
1568 4132 1639 4195 illli:

346 4239 384 4298 L.
400 4239 563 4317 Appuleius
578 4241 754 4302 Saturninus
767 4287 774 4302 .
788 4287 795 4304 .
810 4253 842 4302 ut
861 4245 988 4319 pretium
1002 4241 1205 4301 Marianorum
1225 4242 1344 4302 militium
1362 4253 1498 4319 pararet,
1519 4243 1589 4318 lepra
1601 4231 1641 4295 aa

347 4352 378 4402 at
398 4345 539 4401 ueteranis
562 4354 676 4404 centena
698 4349 766 4422 apri
786 4348 888 4422 lupera
908 4347 939 4402 in
961 4343 1067 4420 Africa
1089 4344 1292 4403 dividerentur.
1329 4343 1475 4405 Videmus
1496 4345 1576 4423 igitur
1592 4340 1642 4395 haut

348 4445 466 4522 quidem
482 4445 633 4522 regionem
645 4446 768 4507 Africae
783 4448 892 4507 veteris
907 4446 1018 4505 finibus
1029 4445 1177 4506 inclusam
1187 4445 1289 4507 fuisse.
1312 4445 1494 4506 Deductioui
1509 4443 1565 4505 aC.
1575 4436 1640 4500 uuio

348 4548 482 4622 inceptae
497 4545 651 4624 Augustus
674 4549 760 4608 novis
778 4549 897 4608 colonis
913 4549 1013 4607 missis
1029 4548 1181 4607 suoaurrit.
1216 4547 1402 4609 Octavianus
1418 4550 1568 4626 episcopus
1577 4541 1641 4621 plebi

354 4649 406 4708 Uei
425 4651 518 4706 maius
541 4661 790 4710 commemoratur
810 4653 840 4711 iu
863 4651 1020 4710 collatione
1035 4648 1139 4711 Carth.
1157 4649 1347 4726 (Harduinus
1370 4651 1478 4711 mucil.
1493 4651 1517 4725 1,
1539 4641 1640 4714 rosso).

348 4748 456 4828 Neque
477 4749 575 4810 minus
598 4751 656 4811 hue
678 4760 813 4828 spectare
830 4753 940 4814 Gaium
958 4753 1122 4823 Ueientem,
1145 4771 1232 4830 quem
1248 4753 1326 4812 inter
1340 4755 1499 4832 episcopos
1512 4745 1641 4831 provinciae

347 4853 571 4930 proconsularis
601 4855 639 4913 ab
661 4853 814 4914 Hunerioo
842 4855 872 4913 in
902 4855 1026 4914 exilium
1053 4855 1163 4915 missos
1192 4855 1328 4931 perhibet
1352 4857 1461 4916 notitia
1487 4875 1511 4914 a
1526 4852 1588 4920 483,
1608 4863 1641 4904 e1·

347 4956 450 5032 posuit
471 4953 645 5013 Morcellius
668 4955 733 5013 Afr.
756 4955 859 5014 christ.
882 4955 902 5014 l.
925 4956 946 5014 l.
997 4955 1137 5032 Denique
1159 4956 1314 5034 Tripolius
1341 4957 1480 5017 Uoitonar
1505 4943 1640 5022 resumpsit

348 5057 496 5132 epistulae
518 5055 556 5115 ad
576 5055 705 5116 Paulum
721 5054 1012 5135 Constantinopolim
1035 5058 1146 5119 missae
1167 5059 1203 5118 de
1227 5059 1437 5118 monotheletis
1464 5079 1490 5117 a.
1505 5055 1558 5117 646
1577 5048 1640 5126 (166·

349 5159 458 5218 duiaus
480 5158 587 5217 oonoil.
603 5157 662 5230 111,
679 5157 799 5235 7524).
816 5191 853 5203 -
872 5157 1033 5220 Civitatem
1048 5161 1303 5236 Benoenneusem,
1325 5161 1408 5222 ouius
1428 5159 1584 5220 memoriam
1599 5167 1638 5208 err·

349 5261 431 5318 ravit
451 5260 540 5319 etiam
557 5259 815 5338 Carthaginiensis
837 5263 941 5322 titulus
963 5280 1055 5342 supra
1075 5283 1105 5324 n.
1121 5261 1193 5340 452,
1216 5283 1255 5325 ex
1276 5283 1305 5326 n.
1319 5263 1379 5324 524
1400 5261 1569 5341 intellegitur
1585 5250 1639 5314 colo·

351 5361 419 5421 niae
440 5361 589 5422 Ueitanae
610 5363 738 5424 uicinam
760 5362 866 5425 luisse.
