3444 5932
346 577 416 648 108
915 590 1098 644 mommsen

384 769 430 828 Un
450 770 504 828 bon
525 767 638 826 nombre
660 769 695 825 de
716 769 814 844 cippos
836 777 900 825 sont
924 766 1012 826 restis
1038 769 1141 823 intaeta
1166 781 1232 824 uuus
1261 765 1286 823 ie
1313 764 1357 823 sol
1383 775 1410 823 et
1435 765 1458 822 il
1484 784 1552 824 aera
1580 783 1670 824 encore

333 871 462 950 possible
483 872 517 929 de
539 871 578 928 lea
600 878 696 928 mettre
717 869 737 926 ὰ
757 887 806 928 na.
855 866 898 926 Le
920 867 989 944 plna
1016 877 1145 940 convent,
1166 867 1199 941 je
1224 885 1267 926 nie
1293 869 1354 926 auis
1381 869 1506 928 contenti
1535 866 1671 926 nenton

337 973 494 1051 l'e'pitopio
519 989 587 1030 sona
616 980 740 1030 uniantur
767 970 793 1028 le
820 973 916 1047 cippo,
948 967 1019 1046 qu'il
1038 968 1145 1044 solloit
1171 969 1377 1045 complitement
1404 970 1532 1028 ditruire
1555 987 1633 1046 pour
1655 991 1671 1045 y

338 1086 453 1136 trouver
474 1084 499 1133 at
521 1093 554 1134 en
576 1075 698 1132 autoire
721 1074 761 1132 les
782 1091 876 1132 urnas.

378 1176 428 1236 Au
448 1179 519 1236 moia
542 1176 576 1234 da
596 1193 674 1234 mors
696 1175 822 1250 dernier,
846 1176 915 1251 pria
943 1176 983 1234 du
1007 1173 1114 1250 oillope
1143 1175 1177 1234 do
1205 1175 1235 1232 lo
1260 1172 1383 1246 Mursa,
1412 1193 1489 1234 ono
1519 1175 1621 1233 trouee'
1638 1193 1671 1232 un

337 1284 419 1357 08000
441 1281 480 1338 du
500 1295 585 1355 penae
608 1279 643 1336 de
662 1295 715 1336 noo
737 1276 896 1354 sipulturea
919 1278 959 1335 du
980 1278 1117 1336 0100011000
1140 1278 1174 1334 dc
1196 1275 1226 1334 lu
1246 1275 1362 1352 Molpa.
1414 1277 1449 1334 Je
1471 1279 1588 1336 monaci
1609 1281 1672 1334 moi-

336 1385 421 1441 mime
443 1401 476 1440 en
496 1390 624 1456 prauam
646 1397 714 1438 auec
734 1397 791 1437 mea
812 1383 905 1438 moins
928 1380 953 1436 le
975 1379 1089 1437 conciuit
1110 1379 1262 1436 circuloire
1283 1381 1334 1454 qui
1355 1380 1520 1438 deaceridoit
1544 1397 1580 1436 en
1604 1379 1672 1454 iipne

338 1487 428 1543 droite
448 1501 512 1542 uera
536 1483 575 1542 les
598 1483 713 1540 condrei
736 1485 785 1557 qui
806 1499 824 1555 y
846 1483 1014 1557 repoaoient.
1064 1479 1144 1538 Mais
1167 1498 1206 1538 ou
1228 1480 1284 1537 lieu
1312 1481 1346 1540 de
1372 1483 1584 1556 communiqaer
1610 1499 1672 1538 oues

336 1606 390 1646 one
411 1605 489 1659 arne,
513 1586 538 1644 le
560 1586 676 1643 conciuit
696 1583 867 1642 aboutiaauit
888 1584 976 1642 uuna
990 1583 1070 1641 nicio
1085 1582 1235 1640 inte'rieure
1243 1582 1354 1658 formis
1368 1583 1403 1641 tie
1415 1584 1541 1658 prandea
1558 1583 1670 1659 briqoes

337 1689 447 1748 carries
469 1691 520 1766 qui
544 1689 687 1762 portoient
713 1685 835 1744 ciouune
860 1704 914 1744 une
940 1683 1097 1761 estompiile
1124 1683 1283 1742 circulaire.
1337 1685 1373 1744 Ca
1401 1689 1483 1761 cippo
1507 1703 1543 1743 ne
1568 1689 1672 1760 por-toti

337 1790 513 1868 d’ipituplie,
542 1791 616 1846 moia
639 1789 746 1864 otioque
768 1789 829 1846 citet
848 1787 917 1845 e'toit
937 1787 1007 1845 orni
1027 1785 1095 1844 d’un
1117 1785 1191 1858 aujet
1212 1803 1244 1843 en
1266 1796 1328 1844 stuc
1350 1785 1419 1844 17οη
1441 1789 1497 1846 trie
1520 1786 1595 1844 beau
1618 1797 1672 1844 tro·

335 1893 406 1951 coil.
451 1891 533 1950 Trois
556 1891 589 1950 de
612 1907 655 1948 ces
678 1889 765 1962 cajeta
787 1889 1009 1964 repriaentoient
1029 1906 1083 1947 une
1103 1896 1231 1946 matrone
1253 1891 1397 1958 somnino,
1419 1888 1542 1946 d'obord
1557 1890 1673 1961 faisant

329 1997 411 2070 faire
433 2012 468 2052 aa
490 1994 591 2052 tuilette
609 2009 668 2068 por
688 2010 743 2048 une
764 2001 905 2061 anaante,
926 1993 993 2066 puis
1009 1990 1109 2066 filant,
1129 1993 1199 2065 puis
1223 1989 1318 2048 lisunt.
1362 1988 1412 2048 Lo
1435 1991 1591 2066 quutriirne
1606 1993 1671 2064 joci

336 2098 406 2155 e'toit
438 2095 521 2154 ornie
551 2093 619 2152 (700
649 2093 730 2170 pinio
749 2093 904 2168 flandruire
929 2093 1045 2170 opponi
1069 2111 1119 2151 aar
1146 2109 1200 2149 una
1226 2091 1319 2150 torcio
1346 2092 1500 2150 renuarsie.
1566 2091 1612 2150 On
1639 2111 1670 2150 oe

337 2208 437 2256 trouou
453 2199 526 2256 done
549 2197 579 2254 lo
600 2197 680 2256 niele
701 2194 851 2253 inte'rieure
870 2213 923 2270 qua
939 2197 988 2254 dea
1004 2195 1119 2254 cendrea
1134 2191 1313 2254 d’osaunenta
1328 2204 1355 2252 at
1367 2212 1422 2252 une
1437 2193 1532 2269 lampa
1546 2196 1670 2252 romolae

336 2319 405 2360 sona
427 2301 510 2375 sajet.

380 2403 408 2460 A
431 2403 492 2460 cute
514 2403 547 2460 oie
569 2419 598 2458 ce
620 2403 711 2476 rippa,
734 2417 770 2456 on
793 2399 937 2457 dicouurit
955 2415 995 2456 un
1010 2416 1131 2457 carreuu
1147 2399 1213 2475 lonp
1229 2399 1263 2456 de
1277 2398 1327 2456 im
1346 2399 1395 2470 50,
1419 2399 1500 2474 lnrpe
1517 2400 1552 2457 cle
1567 2401 1614 2457 1¹²¹
1631 2399 1669 2456 20

337 2515 362 2564 et
383 2505 455 2562 naut
475 2505 509 2561 da
533 2503 586 2560 2”ι
606 2503 654 2561 50.
704 2501 774 2559 Tout
797 2499 951 2558 l’intirieur
972 2500 1041 2558 e'toa't
1062 2500 1158 2559 euoluit
1180 2501 1265 2558 d'une
1291 2499 1361 2558 bella
1388 2499 1488 2560 cortule
1514 2502 1550 2558 de
1572 2500 1670 2576 pleitre

336 2608 398 2664 bien
421 2605 576 2664 conservio.
622 2603 667 2662 On
688 2622 706 2678 p
729 2611 830 2660 troeiuo
851 2621 918 2660 aveo
944 2602 984 2660 les
1006 2613 1155 2662 casamenta
1182 2605 1252 2660 troia
1278 2619 1360 2660 uoces
1387 2602 1422 2660 de
1448 2611 1523 2660 terro
1548 2605 1623 2660 cuite
1648 2612 1671 2658 et

335 2728 390 2766 une
406 2711 493 2784 petite
507 2707 578 2784 fiola
600 2708 634 2764 de
655 2724 741 2764 verre.

377 2809 524 2868 Passibus
548 2806 600 2866 CL
622 2827 641 2864 a
662 2813 854 2866 monumento
877 2807 966 2864 modo
989 2806 1138 2881 descripto
1162 2805 1200 2863 ad
1222 2813 1343 2881 puteum
1370 2824 1399 2882 q.
1420 2804 1448 2863 d.
1473 2805 1530 2864 Bir
1552 2807 1579 2864 al
1599 2809 1670 2880 Dje·

336 2914 412 2970 bono
434 2918 575 2969 autumno
598 2929 623 2966 a.
644 2908 719 2967 1881
746 2907 871 2967 alterum
895 2908 995 2983 (nobis
1010 2907 1052 2983 B)
1074 2915 1217 2967 retectum
1238 2917 1285 2966 ast
1299 2908 1427 2966 macerie
1442 2908 1668 2980 circumdatum,

335 3014 451 3072 formae
473 3013 643 3087 quadratae,
666 3011 787 3087 longum
811 3017 894 3067 metr.
912 3009 961 3081 36,
983 3010 1076 3068 lutum
1099 3018 1182 3090 metr.
1199 3009 1249 3082 28,
1273 3028 1332 3086 quo
1348 3010 1576 3068 continebantur
1591 3011 1668 3068 tituli

335 3115 467 3174 eiusdem
489 3114 607 3192 generis
623 3110 745 3170 CCXL.
783 3111 880 3170 Huius
903 3129 1021 3188 quoque
1044 3111 1179 3170 notitiam
1203 3111 1344 3171 debemus
1363 3111 1458 3171 eidem
1475 3112 1596 3188 egregio
1612 3112 1667 3170 soli

336 3215 596 3292 Carthaginiensis
619 3213 800 3290 exploraturi
823 3212 1024 3290 Delattri01).

376 3318 475 3394 Ipsum
497 3335 559 3375 rem
582 3325 742 3392 antequam
765 3315 931 3394 aggrediar,
954 3323 1038 3374 aetas
1061 3315 1213 3374 titulorum
1235 3315 1390 3391 utriusque
1414 3315 1545 3391 sepulcri
1572 3316 1666 3373 deter-
1714 3327 1715 3330 ’

336 3420 478 3479 minanda
500 3427 560 3489 est;
583 3419 614 3476 id
636 3416 715 3494 quod
738 3435 916 3494 quamquam
940 3428 1086 3476 certorum
1109 3437 1254 3476 annorum
1271 3417 1381 3476 iudicia
1396 3417 1480 3475 nulla
1495 3427 1665 3494 suppetunt,

334 3543 373 3581 ex
394 3521 562 3580 nominibus
578 3521 784 3578 defunctorum
801 3519 988 3596 aliquatenus
1003 3519 1105 3596 perfici
1121 3527 1229 3595 potest.
1265 3517 1386 3579 Scilicet
1400 3537 1466 3577 cum
1481 3523 1666 3596 reperiantur
1714 3511 1715 3516 ¹

334 3625 363 3681 in
387 3633 512 3700 utroque
540 3630 730 3680 monumento
753 3630 782 3679 et
808 3621 878 3679 Iulii
904 3621 985 3697 iique
1013 3620 1139 3697 multi2)
1166 3629 1197 3680 et
1218 3619 1377 3695 Claudiil)
1404 3639 1540 3697 quoque,
1568 3621 1664 3678 nullus

334 3735 432 3784 tamen
453 3743 548 3802 neque
569 3727 674 3784 horum
697 3742 793 3801 neque
815 3723 932 3782 illorum
952 3723 1102 3798 adscripto
1118 3732 1245 3800 patrono
1262 3721 1401 3792 Caesare,
1424 3731 1494 3797 post
1509 3721 1663 3780 Claudiam

334 3834 459 3886 aetatem
482 3837 703 3886 mouumentum
731 3826 898 3885 institutum
925 3826 966 3883 sit
992 3843 1117 3884 necesse
1144 3835 1198 3883 est.
1247 3823 1362 3883 Contra
1382 3824 1480 3882 Flavii
1509 3845 1548 3882 ex
1569 3825 1664 3901 priore

334 3936 525 3988 monumento
553 3929 692 4004 permulti
725 3929 898 4004 prodierunt
928 3939 958 3986 et
983 3927 1013 3984 in
1041 3927 1087 3986 his
1117 3927 1287 4004 complures
1313 3938 1470 4004 patronum
1499 3927 1663 4003 Augustum

337 4152 540 4162 μ-

392 4309 416 4372 1)
445 4311 600 4361 Prodierunt
627 4311 671 4360 alii
707 4311 735 4360 iu
763 4311 928 4374 ephemeride
955 4311 1122 4376 Lugduneusi
1152 4309 1188 4360 les
1215 4309 1331 4359 missione
1359 4305 1516 4375 cutloliquaa
1548 4323 1571 4359 a.
1597 4307 1661 4356 1882

333 4405 422 4456 Iun.9
442 4419 468 4453 u.
484 4405 566 4464 1-8,
598 4403 656 4453 Iun.
672 4403 705 4452 16
725 4419 751 4452 n.
765 4405 868 4465 9-32,
899 4405 948 4454 Iul.
964 4405 997 4454 14
1017 4420 1043 4453 n.
1058 4403 1177 4464 34-49,
1208 4404 1266 4452 Iun.
1281 4403 1313 4452 21
1335 4417 1361 4452 u.
1378 4399 1499 4462 50-733
1528 4401 1573 4450 alii
1597 4399 1660 4464 apud

333 4497 483 4548 Florianum
495 4494 627 4545 Vallentin
641 4492 710 4544 Bali.
724 4491 904 4562 intonantique
924 4493 954 4545 de
969 4495 996 4544 lo
1011 4493 1090 4544 Guoie
1109 4493 1186 4544 0012
1202 4493 1294 4555 (1882)
1308 4509 1334 4558 p.
1347 4491 1492 4544 293-296
1508 4508 1533 4543 u.
1546 4489 1660 4552 tal-935

334 4589 419 4638 vol.3
444 4586 536 4650 (1883)
559 4604 585 4652 p.
606 4587 721 4637 28-28
747 4603 773 4637 n.
794 4587 928 4636 94-138
954 4593 979 4636 et
1001 4603 1027 4652 p.
1050 4585 1165 4636 85-88
1191 4601 1216 4635 n.
1240 4585 1392 4636 199-179
1417 4593 1443 4634 et
1465 4601 1491 4650 p.
1515 4581 1659 4634 182-185

333 4699 359 4732 n.
375 4679 527 4730 180-221.
572 4678 656 4729 Citari
675 4679 788 4742 priorem
809 4680 901 4729 seriem
925 4679 971 4729 sub
995 4677 1195 4743 praescriptione
1219 4678 1303 4738 mira,
1328 4677 1499 4742 posteriorem
1522 4677 1569 4726 sub
1593 4687 1659 4740 prse-

333 4773 473 4837 scriptions
491 4767 617 4822 Vallentin
637 4771 732 4821 additis
751 4771 873 4820 numeria.
920 4771 1002 4820 Huius
1022 4770 1182 4820 monumenti
1207 4770 1297 4835 cippos
1320 4775 1435 4819 servatos
1461 4769 1540 4819 hodie
1559 4767 1657 4818 Cartha-

333 4866 393 4930 gine
411 4865 438 4913 in
458 4879 547 4913 museo
574 4863 601 4915 S.
621 4864 747 4914 Ludovici
766 4863 802 4911 ibi
822 4863 923 4926 excepit
941 4862 1071 4912 Iohannes
1091 4861 1220 4924 Schmidt,
1245 4876 1320 4928 quam
1345 4861 1378 4910 de
1398 4861 1587 4912 difficilioribus
1609 4857 1659 4922 qui-

334 4957 441 5007 busdam
467 4955 592 5005 consului.

391 5065 416 5127 ⁹)
437 5065 460 5114 A
481 5082 507 5115 n.
525 5067 565 5115 11.
587 5067 630 5117 61.
653 5068 695 5116 at.
718 5065 778 5115 105.
802 5067 861 5114 112.
884 5065 943 5114 146.
966 5065 1026 5115 155.
1049 5064 1109 5114 174.
1132 5065 1190 5113 177.
1214 5064 1274 5114 183.
1294 5065 1354 5114 194.
1374 5067 1436 5116 202.
1452 5065 1514 5114 233.
1529 5063 1587 5114 236.
1601 5056 1656 5110 237.

337 5159 399 5210 266.
421 5157 482 5208 267.
523 5155 633 5208 Bmiss.
656 5159 681 5206 7.
702 5159 743 5206 27.
766 5156 809 5206 58.
843 5157 912 5206 Vall.
934 5159 995 5207 109.
1018 5157 1077 5207 183.
1101 5157 1161 5206 194.
1183 5156 1243 5206 196.
1265 5157 1326 5206 205.

397 5263 422 5329 ³)
442 5266 467 5318 A
486 5269 589 5318 n.1u1.
628 5265 740 5318 Bmiss.
761 5267 803 5318 56.
843 5267 911 5316 Vall.
933 5267 994 5318 179.
1016 5267 1076 5317 188.
1098 5267 1159 5316 189.
