3348 5926
287 555 361 626 574
731 573 1006 626 annmnnnnna
1033 573 1118 626 von.
1139 574 1183 626 ru
1550 577 1596 627 nu
1660 561 1661 564 ’

286 747 458 825 provinciae
481 749 643 824 praepositi
667 749 747 806 vices
769 765 885 826 gerens,
908 747 974 806 sive
996 749 1080 807 iussu
1096 747 1211 806 Tiberii
1227 765 1384 806 successor
1399 747 1487 806 datus
1502 747 1601 818 Pisou13

288 850 346 908 hoc
372 850 526 926 praefero,
553 867 619 908 cum
647 849 787 926 quoniam
815 849 933 926 legatus
960 849 1087 926 legionis
1110 849 1242 928 Augusti
1268 849 1445 908 vocabulum
1472 868 1542 908 raro
1564 851 1600 908 ad·

289 952 392 1022 sumit,
426 961 488 1012 turn
516 952 596 1028 quod
625 952 677 1009 vix
704 951 847 1010 credibile
874 961 920 1011 est
948 948 1066 1028 Syriam
1097 969 1151 1027 per
1177 951 1326 1010 biennium
1360 953 1440 1010 insto
1473 951 1603 1026 praeside·
1661 945 1662 1004 l

290 1055 432 1112 caruisse.
475 1054 581 1130 Itaque
603 1051 639 1110 L.
656 1053 761 1112 Aelius
783 1052 903 1126 Lamia,
934 1054 986 1130 qui
1013 1071 1067 1129 per
1092 1053 1263 1129 complures
1289 1071 1383 1111 annos
1410 1053 1449 1111 ad
1474 1072 1544 1112 eum
1562 1074 1602 1130 que

290 1155 364 1214 obiit
386 1155 424 1214 33
448 1174 477 1230 p.
494 1154 565 1215 Chr.
589 1153 696 1232 Syriae
718 1155 761 1214 ita
782 1156 912 1233 praefuit
934 1167 966 1214 ut
987 1157 1052 1232 ipse
1074 1153 1190 1214 Romae
1211 1155 1344 1232 degeret,
1371 1155 1525 1214 Pacuvius
1546 1155 1603 1232 legs-

290 1268 338 1315 tus
360 1257 484 1334 legionis
513 1257 697 1333 provinciam
724 1257 947 1316 administraret
974 1257 1061 1334 (Tac.
1085 1275 1154 1315 aun.
1178 1257 1207 1327 6,
1228 1255 1282 1328 27;
1311 1254 1425 1316 Seneca
1447 1275 1492 1332 ep.
1515 1256 1558 1328 lt,
1575 1257 1603 1330 Sl
1662 1325 1663 1350 ¹

291 1377 350 1417 non
374 1358 480 1417 Pisoni
507 1359 665 1431 successit,
700 1369 731 1418 ut
758 1359 856 1418 adhuc
882 1359 1117 1432 credideramus,
1152 1359 1204 1418 sed
1233 1355 1405 1419 Saturnine.
1434 1391 1474 1401 —
1508 1359 1602 1418 iem.
1662 1391 1663 1396 κ

294 1461 534 1536 supplementum
560 1479 740 1537 quamquam
768 1459 890 1520 dubium
921 1469 968 1520 est
996 1469 1152 1538 potestque
1180 1459 1217 1518 de
1244 1480 1334 1538 opere
1361 1460 1481 1536 publico
1509 1461 1604 1519 dirersc

293 1564 431 1640 cogitari,
469 1569 548 1621 certe
577 1562 646 1620 inde
678 1564 869 1622 confirmatur
901 1563 982 1638 quod
1018 1563 1136 1641 egregie
1172 1563 1297 1621 coniecit
1328 1561 1491 1638 Kiepertus
1531 1563 1604 1640 (apul

293 1665 519 1724 Puchsteinium
541 1665 571 1722 in
595 1667 669 1723 actis
693 1665 857 1723 minoribus
879 1663 1050 1723 academiae
1072 1665 1278 1724 Berolinensis
1300 1684 1326 1722 a.
1347 1663 1425 1723 1883
1449 1683 1476 1740 p.
1494 1664 1548 1739 30)
1569 1684 1604 1739 op·
1663 1733 1664 1742 χ

293 1767 396 1845 pidum
419 1765 529 1824 dictum
552 1766 639 1824 hodie
662 1765 785 1838 lettere,
808 1767 879 1824 olim
902 1773 999 1825 autem
1022 1765 1166 1842 Ntbtli1)
1189 1783 1255 1826 esse
1276 1765 1452 1842 Nicopolim
1474 1767 1604 1842 antiquam

296 1870 384 1928 sitam
406 1869 436 1927 in
458 1868 534 1943 ipsis
556 1869 692 1926 confiniis
717 1866 843 1928 Ciliciae
865 1875 895 1926 et
916 1865 1024 1946 Syriae
1045 1887 1137 1946 supra
1162 1869 1260 1927 sinum
1281 1867 1411 1927 Issicum
1439 1869 1470 1926 in
1492 1869 1606 1927 mediter·

295 1972 403 2030 rancis.
447 1969 494 2028 Ea
516 1988 695 2046 quamquam
718 1989 777 2030 non
799 1979 880 2028 recte
902 1970 981 2046 apud
1005 1968 1190 2048 Stephanum
1212 1971 1393 2046 Byzantium
1420 1971 1459 2046 (s.
1476 1963 1604 2042 nstitui)

297 2073 401 2132 eadem
423 2071 530 2130 dicitur
551 2080 639 2148 atque
660 2071 741 2130 Issus
765 2071 847 2130 clara
868 2071 993 2130 victoria
1015 2071 1197 2143 Alexandri,
1224 2073 1278 2130 aed
1304 2091 1364 2130 una
1389 2091 1456 2131 cum
1477 2073 1543 2132 Isso
1564 2092 1605 2130 me

296 2183 469 2233 moratura
492 2171 637 2234 Strabone
662 2175 710 2244 14,
731 2174 759 2243 9,
782 2173 818 2232 19
842 2193 869 2249 ρ.
888 2173 958 2245 676,
986 2174 1057 2234 item
1080 2195 1099 2233 a
1120 2174 1296 2234 Ptolemaeo
1320 2175 1348 2245 5,
1370 2173 1398 2244 8,
1420 2176 1437 2232 7
1468 2175 1604 2234 collocatur

296 2279 327 2336 in
344 2275 470 2335 Ciliciae
491 2276 726 2347 mediterraneis,
749 2293 815 2332 oum
831 2275 930 2334 Issum
954 2285 1110 2336 recenseat
1130 2277 1162 2335 in
1184 2275 1280 2348 litore,
1304 2277 1427 2352 abipso
1448 2277 1501 2334 illo
1516 2276 1604 2352 proelio

298 2398 407 2438 nomeu
429 2377 546 2435 videtur
568 2377 711 2448 traxisse;
738 2397 806 2434 nam
829 2383 888 2435 tam
912 2397 1005 2456 prope
1027 2379 1064 2436 ab
1086 2377 1156 2436 Isso
1179 2377 1274 2449 abest,
1298 2387 1330 2436 ut
1351 2377 1440 2436 facile
1461 2379 1558 2454 aliqua
1574 2397 1604 2433 u·
1665 2377 1666 2396 ³

298 2483 378 2540 tione
400 2480 524 2538 victoria
538 2477 634 2536 Issiea
655 2479 692 2537 ad
715 2498 750 2536 ea
772 2479 838 2536 loca
852 2479 1001 2556 pertinere
1018 2480 1158 2555 potuerit,
1180 2489 1340 2556 censetque
1355 2479 1516 2556 Kiepertus
1534 2477 1602 2554 (apul

298 2583 490 2659 Droyseuum
517 2579 618 2639 Geacl.
641 2581 689 2639 dea
711 2579 903 2639 Hellenismca
933 2576 968 2639 3²
993 2598 1022 2656 p.
1043 2579 1118 2656 201)
1143 2581 1272 2640 Darium
1299 2581 1340 2639 ibi
1367 2592 1466 2640 castra
1491 2582 1605 2639 habetes

300 2695 368 2744 ante
390 2683 538 2761 proelium
561 2681 599 2741 ad
620 2683 718 2741 Issum
741 2683 862 2740 factum.
906 2681 980 2741 Eius
1003 2683 1134 2742 civitatis
1157 2683 1269 2742 nummi
1292 2693 1361 2742 aunt
1383 2683 1515 2759 inscripti
1535 2687 1604 2738 Neur-

299 2787 436 2845 rrotsrrniv
457 2775 629 2844 Σελευκίδας
651 2783 826 2856 similiterve
849 2783 980 2859 (Eclrhcl
999 2785 1029 2856 3,
1052 2783 1128 2855 322;
1152 2785 1288 2842 Mionnet
1310 2786 1339 2856 5,
1356 2785 1431 2856 2653
1455 2781 1484 2844 S.
1500 2785 1525 2856 8,
1542 2780 1604 2854 181).

301 2889 473 2951 Collocutus
494 2905 513 2944 a
535 2884 682 2946 Strabone
704 2886 724 2944 l.
741 2905 765 2944 c.
789 2885 827 2943 ad
850 2887 949 2946 sinum
971 2885 1114 2959 Issicum,
1137 2904 1155 2944 a
1176 2885 1366 2959 Ptolemaeo,
1395 2893 1428 2944 ut
1449 2887 1531 2946 modo
1549 2883 1603 2942 ridi

300 3011 377 3066 mus,
399 2993 430 3050 in
452 2989 677 3048 mediterraneis
693 2985 828 3058 Ciliciae,
850 3007 868 3046 a
888 2987 1002 3046 Malaia
1022 2988 1041 3046 l.
1061 2987 1098 3046 12
1121 3007 1150 3065 p.
1168 2986 1227 3046 297
1251 2989 1281 3046 in
1299 2986 1417 3060 Cilicia,
1439 2990 1475 3048 ab
1490 2985 1605 3046 Hierocle

300 3113 330 3173 p.
347 3093 406 3152 713
430 3093 460 3150 in
481 3091 637 3169 provincia
659 3089 861 3168 Euphratensi
887 3089 938 3164 (cf.
959 3089 1141 3150 stadiasmus
1164 3089 1256 3148 maris
1279 3091 1379 3166 magni
1401 3089 1521 3165 c.154);
1541 3086 1602 3144 deni·

302 3217 360 3274 qne
381 3193 565 3254 itinerarium
588 3213 616 3270 p.
636 3191 694 3250 190
717 3191 795 3250 viam
818 3200 939 3252 enarrat
960 3193 1052 3251 hanc:
1075 3192 1213 3268 Nicopoli
1234 3224 1272 3238 -
1298 3192 1388 3251 XIII
1406 3225 1442 3236 —
1459 3192 1563 3250 Aliaria
1575 3219 1603 3230 -

301 3298 369 3357 XV
386 3328 427 3340 -
451 3295 682 3354 Gerbedisso-
706 3293 773 3352 XX
791 3329 829 3338 -
852 3293 982 3356 Dolicha
1004 3327 1042 3338 -
1065 3292 1206 3353 XXIIII
1228 3327 1265 3338 —
1288 3295 1416 3370 Zcuynm
1437 3301 1466 3353 et
1484 3293 1522 3351 sic
1540 3289 1603 3349 dein·

303 3417 374 3476 ceps
396 3397 554 3457 Edessam.

306 3513 351 3522 ,-

363 3567 386 3629 ¹)
415 3567 556 3618 Botanicae
576 3581 653 3617 causa
671 3565 714 3631 qni
735 3581 758 3616 a.
776 3567 846 3616 1864
871 3568 937 3617 hano
962 3567 1092 3632 regionem
1117 3567 1262 3633 peragrarit
1282 3567 1494 3618 Hauashnerhtius
1515 3565 1601 3622 itemque

303 3660 390 3724 Beryti
410 3660 504 3724 degens
523 3659 697 3709 Hartmanuus
717 3667 854 3708 narrarunt
873 3661 997 3724 Kieperto
1018 3659 1141 3724 oppidum
1160 3659 1212 3710 ism
1232 3666 1331 3710 mutato
1350 3676 1430 3725 nuper
1448 3659 1537 3709 nomine
1551 3667 1600 3702 nar.-

304 3758 423 3816 eupatum
443 3748 558 3816 Isldhijs,
578 3751 647 3816 quod
666 3750 792 3816 significat
811 3751 1037 3814 Reformatoriam,
1056 3757 1132 3802 antea
1151 3752 1248 3802 dictum
1266 3751 1346 3801 fuisse
1366 3751 1460 3802 Ntboti.

486 3899 506 3903 ..
517 3899 523 3902 ,
541 3898 629 3904 .-.-.-
641 3898 678 3902 -.
700 3898 821 3904 -—.,.
1110 3895 1128 3903 ..
1300 3887 1596 3904 -...-....-..---

898 4035 1047 4096 Marasch.

306 4191 395 4252 1337
422 4193 561 4252 Marasch
592 4193 654 4270 (ubi
680 4194 811 4253 sortasse
834 4193 994 4252 Antiochia
1019 4195 1076 4252 fuit
1105 4213 1141 4252 ca
1167 4213 1244 4272 quae
1271 4194 1308 4252 ad
1332 4195 1494 4270 Euphraten
1515 4184 1598 4244 dicitur

350 4299 413 4352 sive
436 4295 473 4352 ad
497 4295 645 4370 Taurum)
668 4295 748 4354 intra
770 4296 912 4372 oppidum
936 4296 1087 4356 dicebatur
1108 4308 1226 4372 reperta
1248 4315 1325 4355 esse.

308 5123 478 5202 Descripsit
502 5123 666 5183 Puchstein
689 5145 716 5184 a.
735 5121 813 5182 1883
836 5131 865 5180 et
887 5131 1023 5200 ectypum
1047 5121 1135 5181 dedit.

354 5228 368 5282 1
392 5235 421 5284 st
443 5227 459 5284 7
483 5245 589 5304 parum
611 5227 682 5286 certi
709 5235 791 5296 sunt3
818 5226 848 5283 in
870 5225 926 5282 hoc
947 5223 1021 5303 legit
1043 5225 1210 5286 Puchstein
1234 5243 1345 5286 ‘’renr.
