3348 5926
383 605 689 658 ossanvsrrones
716 608 999 659 urranneurone.
1284 587 1354 657 637

1142 705 1358 718 ——n——d

31 778 157 853 praeside
180 795 269 854 agere
291 779 433 854 potuisse.
483 781 668 856 acquiram
691 783 739 840 hic
760 781 971 859 intellegantur
997 781 1147 854 coronati,
1177 799 1236 839 non
1260 780 1355 858 magis

31 880 210 958 exploratum
233 881 328 955 estl).
381 879 553 959 Cogiteram
578 883 613 942 de
640 883 845 941 sacerdotibus
873 883 1092 959 provinciarum
1120 883 1207 940 tertio
1234 891 1355 959 quarto-

31 1003 82 1058 que
103 983 225 1041 saeculo
248 991 456 1041 coronatorum
481 983 626 1042 vocabulo
649 983 769 1060 usis2);
793 986 845 1044 sed
868 985 1057 1042 deterrebant
1072 985 1224 1043 obstaculo
1240 985 1353 1060 grauia.

28 1083 151 1142 Primum
174 1103 242 1142 cum
265 1086 296 1142 iu
319 1085 423 1142 Africa
445 1094 504 1144 tam
527 1086 755 1144 constitutiones
776 1096 901 1162 actaque
916 1087 1118 1146 ecclesiastica
1132 1105 1220 1163 quam
1236 1087 1352 1162 lapides

28 1187 196 1262 saepissime
218 1187 438 1263 prouinciarum
461 1188 632 1246 sacerdotes
655 1189 814 1257 nominent,
837 1208 874 1246 ex
897 1209 933 1247 ea
947 1197 1120 1247 coronatum
1135 1196 1274 1247 testatum
1290 1207 1350 1246 non

27 1287 171 1346 habemus.
209 1287 326 1347 Deinde
347 1307 452 1366 preces
476 1298 505 1346 et
526 1289 700 1347 constitutio
723 1307 814 1365 supra
829 1290 964 1366 prolatae
979 1293 1140 1350 advocatos
1157 1291 1350 1349 ecclesiarum

27 1388 258 1448 Christianorum
281 1401 313 1448 ut
334 1399 504 1468 exaequant
526 1391 731 1449 sacerdotibus
754 1392 975 1466 provinciarum
1002 1393 1143 1469 paganis,
1171 1393 1213 1450 ita
1240 1411 1349 1469 nequa·
1430 1397 1431 1400 ’

27 1511 107 1567 qnam
129 1493 259 1550 innuunt
283 1501 352 1550 ante
380 1513 445 1552 eam
471 1494 565 1568 legem
593 1493 684 1550 latam
707 1491 948 1553 Christianorum
975 1495 1126 1553 desideria
1152 1515 1171 1552 a
1197 1495 1351 1554 sacerdote

25 1594 188 1668 provinciae
212 1595 249 1652 ad
272 1595 439 1670 praesidem
461 1595 561 1654 delata
583 1613 662 1668 esse3
690 1595 780 1654 immo
803 1597 845 1654 ita
867 1597 1060 1655 nominantur
1081 1597 1111 1654 in
1134 1597 1200 1673 lege
1222 1597 1349 1672 primum

26 1697 161 1766 coronati,
185 1696 292 1755 deinde
312 1697 481 1755 sacerdotes
497 1697 727 1773 provinciarum,
751 1707 782 1755 ut
796 1699 849 1755 vix
864 1699 968 1758 eredas
983 1706 1108 1774 utroque
1122 1699 1267 1757 vocabulo
1283 1717 1349 1757 eos·

25 1798 83 1855 dem
99 1799 271 1875 significari.
310 1797 370 1858 Sed
392 1799 481 1858 aliter
502 1811 606 1857 censet
626 1817 714 1874 quem
737 1799 773 1858 de
796 1819 832 1858 ea
853 1819 886 1858 re
906 1801 1044 1860 consului
1061 1800 1203 1859 Rossius:
1225 1803 1265 1858 mi
1278 1819 1347 1858 cern·

24 1900 78 1970 tra,
99 1901 196 1976 inquit
210 1900 272 1971 ille,
295 1901 343 1959 alte
361 1905 459 1976 prima
481 1901 527 1958 del
544 1905 676 1959 rescritto
694 1901 741 1958 del
755 1901 816 1960 407
830 1902 872 1976 pli
886 1905 1017 1962 intererat
1032 1903 1108 1961 delta
1124 1905 1218 1961 chiesa
1233 1904 1349 1960 dinanzi

24 2003 50 2057 di
68 2003 175 2078 piadiei
197 2004 341 2060 doaeoano
364 2021 456 2061 essere
478 2023 494 2060 o
510 2008 621 2062 trattati
635 2023 650 2061 o
666 2005 775 2062 almeao
790 2005 938 2062 introdottt
952 2007 982 2061 in
996 2006 1121 2081 qiud-teia
1138 2006 1189 2062 dai
1202 2005 1347 2074 coronati,

22 2122 87 2162 corne
107 2107 260 2162 tncara'cati
282 2106 313 2161 di
334 2115 400 2163 tatte
423 2107 448 2162 le
470 2113 593 2163 verteme
615 2107 646 2162 at
668 2125 730 2164 cose
749 2109 883 2180 apettantr'
902 2107 964 2163 alla
984 2125 1056 2165 cura
1071 2113 1168 2165 rer'um
1184 2124 1345 2164 sacrarum.

22 2204 73 2263 Per
93 2217 201 2281 quanto
224 2209 268 2265 eid
289 2208 364 2282 paja
385 2217 483 2265 straao
504 2210 622 2282 rispetto
645 2209 708 2266 alta
730 2209 839 2278 alt-teca,
861 2211 900 2266 rai
922 2207 1030 2266 sembra
1053 2209 1189 2266 risaltare
1210 2207 1261 2264 dat
1282 2225 1345 2264 eoa-

16 2310 103 2379 sroato
121 2310 271 2384 predetto;
293 2328 307 2366 e
325 2313 377 2384 pot
397 2329 453 2368 non
475 2313 501 2366 st
523 2311 692 2381 dintenticlrt,
715 2311 764 2367 alre
782 2309 975 2368 e'sacerdotes
991 2309 1038 2366 nel
1052 2319 1140 2384 tempo
1157 2309 1204 2367 del
1217 2313 1345 2367 rerer-itta

21 2410 158 2484 imperiale
181 2414 266 2468 citato
289 2429 396 2470 areana
418 2415 449 2468 ia
468 2429 544 2486 praa
561 2419 647 2486 parte
660 2413 783 2486 percloto
797 2413 819 2470 r'l
834 2421 973 2470 carattere
987 2411 1132 2486 relipioso,
1155 2411 1346 2470 correeroanda

22 2512 74 2567 solo
95 2512 189 2586 quello
213 2513 289 2588 dealt
309 2517 439 2571 interseri
460 2533 474 2571 e
495 2515 526 2569 dt
542 2513 677 2588 patellae
699 2514 813 2587 officim
839 2514 887 2572 alte
906 2517 918 2570 t
935 2511 1074 2570 Criettaat
1091 2532 1148 2571 aaa
1166 2515 1345 2588 rr'snqpirona

22 2613 87 2670 dall'
118 2616 255 2672 onerarat
285 2615 332 2672 del
362 2616 440 2672 titolo
467 2615 683 2686 sacerdotales,
717 2633 768 2674 cors
797 2624 865 2673 tatto
892 2615 984 2690 quello
1012 2615 1060 2673 alte
1085 2615 1121 2672 lto
1148 2617 1274 2690 epiepato
1300 2614 1348 2670 nel

20 2713 167 2774 Bullettiao
191 2718 270 2773 crist.
287 2717 366 2774 1878
388 2736 407 2774 a
425 2721 573 2791 proposita
595 2717 642 2774 del
655 2716 791 2792 fl(amen)
811 2716 1029 2792 p(er)p(etuus)
1047 2715 1214 2775 cristianus
1231 2717 1262 2773 dt
1276 2714 1346 2773 Ant·

21 2819 145 2875 namara
167 2815 219 2892 (C.
234 2817 321 2888 VIII,
346 2817 471 2892 10516).
514 2818 561 2874 Mi
583 2821 724 2892 conferma
745 2818 815 2877 aell'
839 2822 1071 2895 Interpretaeione
1098 2819 1128 2876 la
1150 2820 1345 2888 conveniente,

21 2919 63 2975 cle
83 2924 92 2975 i
113 2919 316 2978 sacerdotales
338 2923 492 2977 nausicaa
514 2921 685 2979 diruentr'catt
705 2920 773 2978 aelt’
798 2922 871 2978 ordo
895 2920 1083 2979 salutationis
1106 2923 1255 2996 asrtaan03
1281 2939 1295 2976 e
1316 2938 1345 2978 se

20 3039 67 3078 noa
87 3032 188 3080 stanna
210 3021 281 3079 nett'
305 3021 425 3080 articulo
449 3030 536 3093 terro,
564 3041 632 3080 sono
646 3025 731 3097 sueri
752 3024 784 3079 di
805 3041 876 3081 eaeo.
918 3023 1003 3081 Haec
1025 3041 1101 3098 quae
1123 3023 1161 3078 ad
1184 3041 1231 3080 me
1253 3024 1345 3097 scrip-

20 3123 53 3180 sit
73 3125 182 3182 amieus
212 3141 394 3198 quamquam
418 3123 573 3197 scrupulos
601 3141 692 3201 supra
718 3126 890 3201 propositos
915 3143 976 3182 non
1002 3124 1124 3180 omnino
1151 3125 1344 3195 sustulerunt,

21 3232 109 3284 tamen
131 3225 261 3286 meliora
282 3243 359 3300 quae
380 3243 547 3301 proponam
569 3243 628 3283 non
650 3227 747 3284 habeo
770 3235 798 3283 et
819 3227 849 3284 in
866 3227 922 3284 hac
937 3225 1136 3300 explicatione
1152 3225 1344 3300 adquiescen-

21 3327 79 3384 dum
101 3345 166 3387 esse
190 3327 341 3385 existimo.
380 3326 526 3385 Admissa
547 3347 582 3385 ea
604 3337 737 3386 extremo
760 3327 857 3402 capite
880 3327 954 3403 legis
970 3327 1164 3401 imperatores
1181 3326 1237 3384 hoc
1252 3327 1343 3403 signi·

19 3430 99 3487 tieant
120 3429 304 3490 Christianis
325 3430 355 3487 iu
378 3438 528 3506 posterum
550 3447 670 3504 quoque
691 3429 781 3487 licere
804 3449 856 3504 per
878 3428 1062 3486 sacerdotem
1084 3428 1255 3504 provinciae
1277 3448 1344 3486 cum

20 3533 144 3604 praeside
167 3549 258 3608 agere
281 3550 377 3606 neque
399 3542 566 3609 propterea,
589 3530 746 3606 quodiam
768 3549 820 3604 per
835 3531 1011 3588 advocatum
1028 3547 1093 3586 eum
1110 3529 1192 3586 adire
1207 3537 1342 3605 possunt,

20 3635 195 3692 sacerdotem
218 3633 388 3710 prouinciae
411 3633 557 3691 auxilium
580 3651 664 3690 suum
687 3632 724 3689 iis
746 3640 827 3690 recte
850 3650 967 3707 negare.

53 3734 96 3793 Ila
118 3754 239 3813 quoque
262 3753 339 3812 quae
361 3742 527 3810 sequuntur
556 3735 598 3792 sic
626 3741 657 3791 ut
682 3733 781 3792 lacera
806 3734 904 3791 iacent
929 3741 1040 3792 certam
1068 3731 1342 3808 interpretationem

18 3839 245 3913 conrecipient.
296 3836 425 3894 Promoti
445 3837 597 3912 officiales,
627 3837 654 3892 si
677 3835 794 3910 quidem
823 3845 901 3893 recte
922 3835 996 3892 haec
1018 3835 1075 3892 duo
1097 3834 1245 3892 vocabula
1272 3853 1342 3892 con-

17 3937 182 4014 iunguntur,
218 3945 269 3996 aut
296 3938 510 4013 intelleguntur
538 3939 588 4012 qui
617 3938 744 4013 primum
776 3937 907 3996 salutant
933 3936 1119 4012 promotione
1145 3944 1268 4010 accepta
1293 3949 1344 3994 aut

17 4048 117 4098 certum
141 4040 291 4117 quoddam
314 4057 408 4116 genus
430 4039 603 4097 officialium
627 4039 682 4096 hoc
705 4040 852 4098 vocabulo
876 4039 1068 4115 significatur.
1110 4037 1188 4096 Huic
1210 4037 1344 4114 opinioni

16 4143 231 4215 patrocinantur
253 4159 327 4219 quas
349 4141 471 4200 Alsenio
492 4140 616 4199 Ceionio
636 4141 751 4200 Iuliano
772 4139 915 4201 Camenio
937 4139 1087 4198 consulari
1110 4138 1270 4198 Numidiae
1292 4139 1341 4198 de-

15 4241 108 4302 functo
131 4264 158 4302 a.
176 4245 283 4303 aetatis
298 4242 390 4301 XLII
405 4264 432 4302 a.
446 4244 506 4302 385
523 4241 605 4316 (vide
626 4260 717 4320 supra
732 4263 762 4318 p.
772 4242 830 4302 542
854 4263 882 4299 n.
899 4243 992 4318 1238)
1008 4242 1153 4300 officiales
1168 4242 1265 4316 ipsius
1279 4241 1341 4299 Ilo·

16 4363 73 4404 mae
88 4347 300 4405 dedicaverunt
315 4346 392 4404 duae
407 4345 495 4403 bases
507 4345 660 4421 gemellae.
688 4346 798 4403 Earum
812 4345 936 4403 alteram
949 4342 1055 4419 (avt,
1071 4343 1163 4418 1675)
1176 4353 1342 4419 posuerunt

17 4487 40 4503 ..
56 4446 174 4507 (lentitia
193 4446 368 4524 p(rtrseepa)‚
392 4446 572 4522 M(arcios?)
595 4447 729 4505 Restataa
753 4447 959 4506 cornicularius
982 4465 1044 4504 cum
1066 4445 1221 4503 cartularia
1243 4445 1341 4520 officii,

16 4547 133 4608 alteram
155 4551 325 4626 nuperrime
346 4559 493 4626 repertam
517 4567 611 4624 neque
638 4549 762 4620 editam,
791 4548 863 4605 milri
893 4556 991 4606 autem
1019 4547 1140 4605 missam
1169 4565 1188 4602 a
1208 4544 1340 4602 Rudolso

69 4815 92 4883 ¹)
113 4817 227 4868 Clericus
246 4823 383 4868 coronatus
402 4817 476 4866 huius
496 4817 684 4884 constitutionis
704 4831 759 4865 esse
779 4831 831 4865 non
850 4823 942 4879 potest,
963 4828 1009 4862 nec
1026 4827 1115 4862 verum
1134 4817 1172 4862 est
1191 4811 1237 4860 hac
1257 4817 1340 4862 aetate

15 4905 113 4958 clericos
133 4925 164 4958 eo
184 4909 308 4960 vocabulo
327 4911 363 4959 sic
383 4907 525 4972 appellatos
543 4923 605 4956 esse.

68 4998 91 5058 ²)
111 4997 238 5051 Sacerdos
257 5017 319 5052 arae
337 4999 468 5066 Aaq(uats)
488 4998 589 5061 amatre)
609 5005 743 5050 coronatas
755 4997 916 5060 Dac(tarans)
930 4995 979 5046 III
995 4996 1119 5059 reperitur
1137 4995 1165 5044 iu
1185 4994 1259 5044 titulo
1279 4995 1339 5046 Ser·

15 5089 202 5154 mizegetusensi
222 5095 250 5144 C.
264 5095 313 5154 III,
337 5093 407 5143 1433
427 5092 517 5141 aetatis
537 5091 699 5152 Gordiauae,
725 5096 859 5140 coronatus
882 5087 1009 5150 Tusa(iae)
1029 5094 1053 5136 et
1076 5083 1214 5150 Umb(riae)
1234 5087 1262 5134 in
1281 5087 1340 5135 Hla-

15 5180 100 5241 peltate
113 5183 193 5234 Orell.
208 5185 278 5236 3666
298 5186 389 5235 aetatis
403 5185 641 5235 Constantinianum.
675 5184 785 5234 Causam
805 5181 951 5247 appellandi
970 5180 1052 5245 aperit
1071 5179 1200 5229 decretum
1213 5177 1340 5229 Baianum

16 5269 41 5321 O.
54 5271 88 5336 X,
109 5274 189 5326 3698.
