3544 5932
119 607 142 658 a
691 607 895 659 mmmm.
1435 592 1455 662 9

121 787 173 848 est,
199 779 280 856 qnod
302 779 435 840 duarum
459 779 612 858 legionum
634 779 744 840 milites
771 787 978 853 recensentnr3
1007 799 1076 840 nam
1103 800 1122 840 a
1143 781 1277 842 Traiano
1304 783 1373 843 inde
1401 804 1459 844 una

123 883 191 954 sola,
212 881 332 942 scilicet
345 882 378 940 ΙΙ
393 882 541 955 Traiana,
562 883 733 960 Aegyptum
754 883 956 960 praeseditl).
993 885 1073 942 Ante
1095 903 1162 942 eum
1185 892 1264 944 certe
1285 905 1304 944 a
1320 887 1458 964 tempori·

122 987 173 1045 hus
194 984 312 1043 Tiberii
336 983 429 1060 (teste
452 984 560 1043 Tacito
583 1004 651 1044 ann.
668 985 696 1058 4,
715 985 746 1060 5)
770 984 846 1043 duae
868 985 1003 1062 legiones
1025 987 1195 1062 Aegyptum
1218 995 1386 1062 tenuerunt,
1410 989 1459 1047 Ill

124 1087 289 1165 Cyrenaica
315 1095 347 1144 et
368 1085 467 1144 XXII
490 1085 698 1160 Deiotariana,
730 1087 816 1162 eique
843 1087 1023 1146 ordinationi
1048 1088 1153 1148 titulus
1176 1088 1357 1165 Coptitauus
1385 1092 1456 1150 satis

123 1189 292 1268 respondet.
331 1185 392 1248 Sed
416 1187 506 1246 etiam
527 1188 634 1246 melius
657 1189 683 1246 ei
707 1189 858 1265 aptabitur
880 1209 956 1266 qnae
978 1191 1032 1250 sub
1053 1192 1191 1270 Augusto
1211 1192 1347 1264 obtinuit,
1370 1193 1458 1252 nobis

122 1292 299 1353 adumbrata
321 1291 360 1349 ab
382 1308 441 1348 uno
465 1287 612 1350 Strabone
636 1289 783 1362 17,1,12
806 1309 836 1369 p.
853 1291 929 1350 797:
959 1281 1018 1350 ἔστι
1041 1281 1072 1351 dl
1098 1283 1146 1352 aul
1174 1297 1373 1376 στρατιωτικοῦ
1397 1286 1459 1378 rpite

122 1387 273 1471 rai-ypram,
300 1380 339 1450 υῖν
360 1388 392 1450 τδ
416 1380 446 1449 ἓν
466 1385 542 1450 κατὰ
564 1387 615 1462 τήν
636 1381 719 1450 πᾶλιν
743 1385 866 1473 ἵδρυται,
893 1381 989 1452 τᾶλλα
1015 1389 1040 1452 δ’
1063 1393 1090 1454 ἓν
1115 1397 1151 1474 τῇ
1177 1385 1278 1480 χώρᾳ·
1307 1385 1399 1479 χωρὶς
1428 1383 1459 1453 dd

121 1487 225 1555 retitur
246 1484 328 1552 εἰινὲα
348 1485 397 1563 μίν
418 1491 471 1551 εἶσι
493 1495 603 1576 στεῖραι
628 1491 786 1564 Ῥωμαίων,
812 1496 883 1577 τρεῖς
904 1483 953 1564 μὲν
974 1493 1002 1552 ε’ν
1024 1497 1059 1573 τῇ
1082 1487 1173 1565 πέλει,
1194 1499 1265 1580 τρεῖς
1288 1491 1316 1556 δ’
1338 1487 1382 1554 ε’πῖ
1404 1499 1459 1556 τυῖν

121 1593 187 1680 ῖρων
209 1599 261 1668 τῆς
275 1587 437 1656 Δῖθειιιιῖιις
457 1593 484 1652 ἕν
500 1587 595 1672 Συήνῃ
617 1589 727 1679 φρουρὰ
749 1601 807 1658 τοῖς
827 1587 924 1657 τᾶπυις
944 1597 994 1672 (cf.
1015 1599 1061 1670 17,
1080 1601 1107 1670 l,
1123 1600 1162 1659 48
1184 1619 1212 1677 p.
1227 1599 1312 1676 817),
1335 1601 1405 1683 τρεῖς
1428 1587 1459 1656 δὲ

121 1695 194 1758 κατὰ
217 1693 269 1769 τὴν
291 1687 384 1770 drap
405 1689 528 1778 rygaipcw·
554 1687 607 1754 ciel
630 1686 660 1753 di
682 1689 730 1755 καῖ
752 1690 910 1780 ἱππαρχίαι
932 1702 1003 1780 τριῖς
1024 1695 1123 1768 durius
1146 1694 1362 1777 διατεταγμέναι
1384 1695 1459 1758 κατεῖ

121 1799 184 1864 rade
198 1791 374 1878 ἐπικαιρίους
389 1791 503 1861 τόπους.
535 1799 630 1858 Addit
644 1799 705 1858 alio
721 1801 788 1860 luco
806 1801 853 1873 17,
872 1804 899 1872 l,
915 1801 954 1859 30
970 1821 998 1878 p.
1013 1801 1072 1862 807
1091 1823 1179 1862 uuaru
1195 1803 1343 1881 legionem
1359 1809 1459 1861 castra

122 1905 262 1964 habuisse
285 1902 446 1978 Babylone
467 1919 561 1978 prope
576 1902 739 1978 Memphin.
775 1903 858 1961 Inter
880 1912 940 1962 tres
961 1904 1095 1980 legiones
1118 1923 1170 1965 eas
1192 1905 1287 1963 fuisse
1301 1905 1351 1962 Ill
1367 1903 1460 1980 Cyre·

126 2008 236 2066 unicam
258 2013 291 2062 et
305 2003 407 2062 XXII
422 2003 647 2062 Deiotarianam
669 2011 702 2062 ut
724 2005 796 2063 satis
818 2014 930 2064 certum
951 2013 1008 2078 est,
1032 2007 1073 2066 ita
1095 2008 1182 2065 tertia
1203 2025 1351 2082 quaenam
1370 2006 1461 2064 fuerit

131 2110 284 2186 ignoretur.
333 2106 442 2164 Aetate
464 2102 631 2176 Strabonis,
655 2106 706 2182 qui
729 2125 756 2164 a.
774 2127 799 2164 ιι.
816 2125 841 2164 c.
855 2105 915 2166 730
939 2109 1109 2186 Aegyptum
1133 2109 1205 2167 adiit
1227 2119 1257 2166 et
1278 2107 1398 2166 omnino
1421 2108 1459 2166 ad

131 2211 159 2268 id
179 2217 291 2288 tempus
315 2208 447 2266 maxime
469 2207 517 2266 hic
538 2208 681 2286 respexit,
703 2225 770 2266 cum
792 2227 851 2267 una
866 2209 944 2286 legio
961 2210 1159 2286 cohortesque
1174 2218 1235 2269 tres
1252 2211 1460 2269 Alexandreae

128 2324 218 2373 raama
238 2313 399 2381 haberent,
421 2316 507 2368 extra
521 2309 742 2369 Alexandream
765 2310 841 2370 dnae
858 2310 992 2388 legiones
1008 2313 1162 2372 tenderent
1184 2322 1213 2371 et
1235 2313 1374 2372 cohortes
1396 2331 1460 2384 sex,

10 2459 16 2466 .
124 2416 251 2492 itemque
274 2421 308 2472 ut
331 2413 450 2471 videtur
471 2411 536 2471 alae
559 2421 632 2485 tres,
660 2429 839 2488 quamquam
863 2413 920 2472 viis
944 2414 1073 2491 Aegypti
1102 2415 1267 2491 superioris
1293 2415 1460 2474 muniendis

123 2518 169 2592 (co
190 2519 273 2577 enim
295 2515 420 2574 titulum
442 2515 592 2591 pertinere
613 2515 692 2572 intra
713 2514 978 2591 demonstrabitur)
1006 2517 1094 2574 etlam
1117 2515 1227 2575 milites
1249 2516 1461 2576 Alexandreae

123 2619 323 2678 consistentes
350 2623 431 2675 recte
458 2616 592 2674 adhiberi
619 2623 795 2692 potuerunt,
827 2617 924 2694 magis
952 2624 1020 2694 apte
1053 2618 1083 2675 id
1116 2637 1192 2694 opus
1224 2621 1461 2678 committebatur

125 2723 292 2801 legionibus
316 2719 435 2778 duabus
458 2735 618 2794 earumque
640 2719 760 2778 auxiliis
776 2727 862 2778 extra
877 2720 977 2778 orbem
992 2719 1192 2778 tendentibus.
1229 2719 1266 2778 Id
1281 2728 1314 2779 nt
1329 2721 1461 2800 Augusti

128 2831 219 2885 aetate
249 2822 394 2894 obtinuit,
428 2821 471 2879 ita
497 2821 666 2880 necessario
693 2827 839 2879 mutatum
867 2829 914 2879 est
940 2839 1001 2879 una
1027 2840 1066 2879 ex
1092 2821 1187 2880 tribus
1220 2821 1388 2898 legionibus
1422 2843 1460 2882 ex

128 2928 264 3005 Aegypto
286 2923 426 2984 abducta.
464 2920 522 2983 Sed
544 2923 641 2999 magis
664 2922 838 2982 crediderim
860 2923 1017 2982 imminuto
1031 2924 1165 2982 exercitu
1177 2923 1366 3002 Aegyptiace
1381 2924 1460 3000 quod

129 3029 293 3105 posteriore
321 3034 456 3103 tempore
485 3024 613 3083 obtinuit
644 3033 677 3083 ut
707 3033 808 3084 castra
840 3024 1007 3102 legionaris
1033 3027 1192 3103 Aegyptus
1226 3025 1309 3084 nulla
1340 3025 1463 3084 haberet

131 3139 243 3207 praeter
269 3125 493 3198 Alexandrina,
518 3125 549 3184 id
577 3146 612 3185 eo
640 3135 772 3202 tempore
798 3126 949 3202 coepisse,
977 3127 1125 3186 translato
1151 3127 1375 3186 Alexandream
1402 3146 1462 3186 non

132 3234 214 3292 nnins
235 3231 364 3308 legionis
385 3229 538 3306 praetorio
562 3229 637 3299 solo,
661 3228 712 3287 sed
735 3228 871 3287 duarum.
908 3227 944 3287 Iu
967 3229 1053 3287 titulo
1070 3229 1257 3308 Pergameno
1273 3226 1308 3286 (l.
1325 3227 1385 3300 Ill,
1401 3229 1460 3288 399

132 3345 194 3393 ante
221 3331 383 3394 Claudium
411 3331 521 3406 scripto
549 3329 595 3387 vel
621 3330 676 3388 snb
705 3327 833 3389 Claudio
860 3329 943 3405 (nam
971 3331 1118 3408 legionem
1146 3332 1211 3390 IllI
1238 3329 1462 3389 Macedonicam

133 3437 255 3494 collocat
285 3436 318 3493 in
345 3432 508 3510 Hispania)
541 3431 622 3508 qnod
655 3431 790 3491 tribunus
824 3432 951 3490 militum
984 3441 1166 3492 memoratur
1191 3433 1392 3492 Aleaandrcae
1424 3433 1464 3489 ad

133 3539 288 3616 Aegyptum
316 3536 433 3612 legionis
453 3533 556 3591 XXII
579 3552 645 3592 ann.
668 3533 761 3604 VIII,
794 3541 896 3611 potest
920 3534 1024 3593 referri
1058 3536 1147 3594 etiarn
1182 3535 1219 3594 ad
1245 3534 1461 3594 ordinationem

132 3648 292 3700 casnorum
314 3637 570 3714 Aegyptiacorum
593 3655 658 3694 eam
685 3653 773 3711 quam
797 3633 906 3695 Strabo
934 3644 1068 3708 enarrat3
1100 3646 1131 3696 at
1157 3637 1213 3696 sab
1235 3635 1357 3695 Nerone
1383 3643 1463 3694 certe

133 3749 252 3819 utraque
267 3741 347 3817 legio
359 3738 571 3798 Alexandreae
585 3737 770 3796 consistebat
785 3737 944 3813 (Iosephus
961 3738 1029 3796 bell.
1047 3737 1076 3811 2,
1094 3739 1141 3810 18,
1157 3737 1190 3812 8)
1207 3739 1409 3814 habemusque
1424 3757 1463 3796 ex

132 3845 232 3904 castris
249 3841 466 3901 Alexandrinis
489 3839 591 3898 titulos
613 3849 674 3898 tam
690 3839 786 3896 XXII
802 3837 1014 3898 Deiotarianae
1036 3859 1127 3916 quam
1143 3840 1191 3898 ΙΙΙ
1206 3837 1399 3916 Cyrenaicae.
1424 3873 1461 3882 -

132 3944 278 4024 Legiones
307 3945 383 4002 duae
410 3949 441 4001 et
467 3941 533 4001 alac
559 3949 636 4014 tres,
670 3959 748 4017 quae
774 3941 847 3999 haee
874 3959 967 4018 opera
993 3941 1140 4016 iecerunt,
1174 3959 1318 4018 quaenam
1345 3942 1463 4014 luerint,

132 4046 264 4106 laterculi
287 4045 434 4121 reliquiae
456 4063 516 4102 non
538 4043 707 4114 enuntiant3
735 4063 774 4102 ex
796 4043 963 4102 cohortibus
985 4053 1099 4120 septem
1124 4063 1200 4120 qnae
1229 4063 1302 4116 una,
1329 4053 1361 4102 nt
1388 4043 1463 4115 dixi,

132 4159 268 4226 superest
292 4148 308 4205 Ι
335 4147 558 4219 Thebaeorum,
585 4145 642 4203 tuit
667 4145 744 4204 inter
770 4144 924 4203 tendentes
951 4143 990 4203 ad
1017 4143 1135 4224 Syenen
1163 4145 1204 4221 (v.
1221 4144 1256 4204 Ο.
1273 4145 1297 4203 Ι.
1316 4143 1353 4205 G.
1371 4145 1463 4205 5052.

131 4251 221 4311 toas.
240 4249 349 4325 5054).

169 4353 218 4412 Ita
244 4369 305 4429 quo
331 4350 466 4410 ducimur
491 4349 608 4409 titulum
637 4349 780 4426 scriptum
807 4365 875 4408 esso
903 4351 1040 4428 Augusto
1068 4350 1216 4426 principe,
1251 4349 1282 4408 id
1308 4349 1465 4408 confirmat

129 4456 281 4514 nominum
303 4453 382 4512 ratio
405 4452 517 4510 tamin
539 4451 766 4529 cognominibus
789 4469 878 4528 quam
899 4453 930 4510 in
945 4451 1113 4529 gentiliciis.
1152 4450 1273 4512 Scilicet
1288 4453 1464 4529 cognomine

129 4574 308 4633 quamquam
332 4563 457 4614 utuntur
477 4554 665 4613 centuriones
687 4559 748 4610 tres
771 4553 821 4629 qui
844 4561 1004 4630 supersunt
1025 4554 1055 4610 in
1079 4571 1204 4612 recensu
1226 4554 1346 4612 tabulae
1366 4563 1465 4630 poste-

129 4661 217 4718 rioris
235 4657 264 4730 2,
281 4659 309 4717 3.
326 4659 354 4716 4.
372 4659 401 4729 5,
424 4657 493 4714 item
515 4673 552 4715 ex
577 4655 697 4714 tabulae
719 4653 828 4730 prioris
851 4655 992 4714 centuriis
1015 4673 1069 4712 sex
1091 4665 1120 4713 et
1142 4657 1262 4732 triginta
1277 4657 1464 4714 centuriones

130 4769 209 4820 certe
232 4759 375 4819 tredecim
404 4757 571 4834 (sciliceta
594 4757 770 4832 cognomine
792 4757 907 4815 adiecto
928 4757 1081 4834 gentilicio
1102 4764 1312 4834 nuncupantur
1337 4758 1412 4815 duae
1437 4759 1465 4829 l,

133 4917 339 4928 -...---

189 5011 213 5073 l)
234 5009 312 5072 Quod
332 5010 421 5060 scribit
438 5009 619 5074 Deajardinins
638 5025 664 5075 p.
680 5010 747 5060 223:
777 5008 803 5057 la
822 5005 909 5058 XXII
913 5017 927 5044 ⁰
951 5007 1121 5060 Deiotariana
1135 5009 1290 5076 primigenia
1310 5007 1360 5076 pia
1378 5005 1466 5074 fidel-ia

126 5101 171 5166 fut
187 5098 327 5171 supprimes
347 5117 406 5152 eoas
418 5098 494 5152 Marc
508 5098 608 5163 Aurata,
628 5102 784 5152 contrarium
804 5107 842 5150 est
861 5102 978 5166 opinioni
997 5101 1076 5151 hodie
1095 5107 1213 5166 receptae
1230 5107 1257 5150 et
1270 5100 1376 5150 omntno
1391 5113 1466 5149 veras

137 5194 216 5246 XXH
234 5193 423 5246 Deiotarianae
442 5193 489 5242 sub
508 5194 623 5244 Traiano
642 5199 823 5244 exauctoratae
843 5193 1004 5243 substitutam
1023 5208 1079 5243 esse
1104 5193 1132 5243 11
1151 5194 1301 5244 Troianam.
1343 5190 1466 5256 Disputa-

140 5284 205 5336 bitur
222 5287 254 5337 de
274 5301 302 5338 re
322 5301 378 5337 cum
399 5292 550 5350 argumenta
569 5285 669 5350 prolata
688 5291 774 5348 erunt3
800 5299 872 5335 mera
891 5285 1051 5336 adseveratio
1071 5285 1251 5335 restrictionem
1275 5297 1328 5332 aon
1350 5283 1466 5347 requirit.
