3392 5934
323 587 395 662 262
731 609 915 664 nonnsun
942 609 1250 662 svrrnsnnsrvrr.

364 785 399 843 In
422 787 538 844 enticae
561 803 587 842 v.
609 784 627 844 8
655 785 783 844 traditur
805 798 931 842 ovrrvs.
956 816 993 828 -
1016 783 1042 858 1,
1059 781 1097 842 26
1120 801 1300 860 quamquam
1322 782 1518 842 Hererbeldio
1540 785 1615 860 nugis

320 888 418 948 visum
442 898 488 948 cst
509 903 568 948 sos
590 903 658 946 esse
684 905 773 962 quam
796 900 855 945 ros
876 885 923 944 vel
947 901 1007 946 col
1032 886 1128 964 prime
1149 885 1251 944 littera
1272 895 1427 962 corrupta,
1453 883 1617 943 nibilominus

320 990 397 1050 illud
418 990 516 1066 posui.
539 1022 579 1032 -
601 987 674 1059 ΙΙ,2
697 997 748 1047 aut
770 1003 909 1046 rvulsnvs
932 995 984 1046 aut
1006 1002 1169 1047 uvcrsnvs.

363 1091 514 1151 Deficiunt
540 1089 671 1150 cohortis
698 1091 812 1166 primae
839 1091 934 1166 prima
959 1089 1080 1148 nomina
1106 1090 1275 1168 perscripta
1302 1090 1368 1148 sine
1388 1087 1475 1148 dubio
1496 1089 1524 1148 in
1544 1089 1618 1148 antica

319 1195 389 1268 ime,
412 1194 482 1252 item
505 1211 581 1270 quae
603 1197 680 1251 iuter
701 1193 797 1250 latere
818 1191 877 1250 duo
894 1193 1060 1269 intercepte
1074 1201 1144 1251 sunt
1158 1199 1293 1252 extrema
1306 1191 1436 1250 cohortis
1447 1191 1495 1249 111
1508 1201 1535 1250 et
1546 1191 1618 1270 prins

319 1296 373 1370 lv,
396 1296 522 1372 denique
538 1296 568 1352 in
583 1295 641 1354 fine
656 1303 790 1352 extrema
803 1295 936 1354 cohortis
948 1294 1011 1352 VII
1026 1303 1056 1353 et
1070 1295 1170 1354 omnia
1185 1294 1275 1353 trium
1291 1302 1512 1370 postremarum.
1534 1291 1617 1370 Super-

321 1407 390 1457 sunt
412 1398 523 1456 milites
537 1395 653 1468 XLVI,
675 1415 800 1473 quorum
815 1395 892 1455 XLI
914 1395 1109 1473 (computatis
1128 1397 1299 1454 nominibus
1310 1395 1342 1454 X
1357 1397 1446 1454 bodie
1461 1393 1613 1470 semiplenis)

318 1501 413 1558 tribus
435 1500 608 1577 patriusque
629 1499 796 1576 adscriptas
818 1498 928 1558 hebent
942 1499 1158 1568 habueruntve,
1181 1499 1211 1556 iu
1227 1498 1345 1558 duobus
1362 1497 1402 1573 (I,
1419 1495 1467 1556 24.
1482 1497 1521 1569 ΙΙ,
1537 1495 1565 1572 b)
1583 1496 1617 1553 tri·

319 1603 374 1661 bus
397 1601 509 1674 delicit,
537 1601 634 1677 petria
656 1601 686 1658 in
709 1601 804 1659 tribus
827 1599 884 1675 (11,
900 1600 949 1659 24.
967 1600 1016 1660 25.
1032 1599 1097 1676 27).
1140 1600 1231 1659 Pater
1252 1601 1382 1659 omissus
1404 1608 1451 1658 eat
1471 1602 1563 1658 sexies
1581 1596 1618 1672 (ll,

322 1704 368 1761 10.
389 1704 434 1762 13.
451 1703 498 1762 23.
517 1700 565 1759 24.
584 1700 632 1761 25.
649 1702 719 1776 29);
753 1703 803 1761 ubi
829 1703 1000 1778 adscriptus
1027 1712 1085 1775 est,
1112 1711 1258 1779 quotenus
1285 1717 1468 1780 praenomen
1494 1709 1620 1774 utrumque

319 1814 463 1882 superest,
486 1812 641 1882 paternum
664 1811 695 1864 et
715 1804 769 1864 filii
791 1805 869 1864 idem
891 1813 946 1864 est.

360 1906 526 1967 Numerum
542 1915 749 1965 veteranorum
764 1906 893 1985 legionis
906 1907 934 1964 ll
950 1906 1100 1966 Traianae
1115 1907 1272 1966 missorum
1295 1927 1321 1964 e.
1338 1906 1395 1965 194
1420 1913 1620 1964 cousentaneum

320 2018 365 2069 est
387 2010 540 2085 aliquanto
563 2009 706 2068 minorem
729 2026 910 2085 essequam
936 2017 1086 2084 repertum
1115 2009 1145 2066 in
1171 2009 1262 2068 simili
1289 2009 1436 2068 laterculo
1459 2003 1621 2066 Troesmeusi

319 2110 354 2172 C.
371 2111 393 2169 Ι.
410 2110 446 2169 L.
468 2110 535 2182 ΙΙΙ,
564 2109 643 2170 6178
673 2111 742 2168 anni
770 2129 794 2168 c.
813 2109 884 2182 1343
917 2129 985 2170 narn
1008 2109 1153 2168 Hadriani
1182 2119 1279 2170 astute
1303 2111 1408 2170 missio
1435 2109 1473 2168 ad
1498 2107 1620 2168 biennium

317 2213 539 2292 porrigebatur,
567 2210 669 2272 Severi
697 2231 795 2271 annua
821 2211 900 2271 facta
921 2222 994 2271 erat.
1043 2211 1206 2271 Praeterea
1231 2213 1320 2272 bellis
1347 2213 1444 2288 gestis
1471 2230 1523 2287 per
1542 2205 1619 2268 alil

318 2317 357 2375 ad
380 2334 406 2373 a.
422 2313 480 2373 194
506 2323 535 2373 et
556 2314 604 2372 lue
626 2313 786 2372 eorundem
809 2333 955 2372 annorum
982 2315 1070 2374 huius
1100 2333 1218 2391 quoque
1243 2313 1370 2392 legionis
1399 2313 1508 2372 milites
1534 2311 1621 2385 aliquot

317 2419 492 2493 absumptos
514 2433 582 2474 esse
604 2415 766 2476 verisimile
788 2427 843 2476 est.

359 2519 407 2578 De
429 2519 535 2596 patriis
556 2537 633 2596 quae
656 2535 747 2594 supra
768 2537 796 2595 p.
814 2517 874 2576 206
897 2517 976 2576 dicte
997 2526 1080 2589 suut,
1109 2537 1168 2578 nun
1195 2517 1346 2594 estquod
1374 2526 1518 2597 repetem.
1557 2513 1619 2573 Ordi-
1667 2591 1668 2596 ἵ

317 2622 467 2680 nationem
491 2621 532 2678 rei
555 2619 690 2678 militaris
713 2619 875 2680 laterculus
891 2621 1010 2698 egregie
1031 2620 1205 2692 illustraret,
1227 2621 1252 2678 si
1274 2620 1423 2698 integrum
1440 2639 1507 2678 eum
1527 2617 1620 2676 babere

317 2741 396 2794 mus3
424 2741 492 2780 nam
516 2721 553 2780 de
574 2739 697 2780 numero
719 2723 919 2780 centuriarum
942 2723 1056 2798 primae
1078 2722 1210 2781 cohortis
1238 2723 1302 2780 siue
1324 2723 1419 2781 dubio
1441 2721 1510 2780 inde
1534 2714 1620 2792 aliquid

316 2827 534 2884 didicissemus.
584 2825 624 2880 At
651 2843 686 2882 ee
713 2831 775 2881 totu
802 2823 864 2882 fere
891 2824 979 2900 periit
1006 2841 1142 2900 quaeque
1166 2825 1300 2900 integrae
1328 2834 1496 2901 supersunt
1521 2817 1620 2881 secunde

317 2947 384 2985 cum
406 2925 547 2985 centuriis
571 2941 634 2997 sex,
656 2925 762 3000 quinta
783 2944 847 2984 cum
865 2926 1006 3002 quinque,
1030 2935 1116 2984 sexta
1130 2945 1197 2984 cum
1213 2927 1317 2999 tribus,
1339 2927 1377 2984 iis
1394 2945 1455 2984 non
1472 2923 1620 3002 proficimus.

316 3027 516 3103 Principalem
545 3045 670 3103 quorum
699 3026 829 3086 officium
856 3037 974 3103 praeter
999 3027 1239 3087 cousuetudinem
1269 3046 1375 3086 nornen
1405 3047 1465 3086 non
1492 3022 1621 3086 antecedit,

316 3130 369 3188 sed
392 3130 537 3205 sequitur,
557 3129 749 3187 inveniuntur
771 3147 837 3200 sex,
859 3131 1051 3206 beneficiarius
1070 3131 1210 3205 praejecti
1230 3129 1253 3201 1,
1273 3131 1323 3200 143
1347 3133 1426 3205 optio
1445 3129 1471 3200 1,
1487 3129 1536 3198 29;
1556 3125 1621 3200 ripi-

309 3233 370 3308 seri
390 3231 448 3289 duo
471 3231 497 3302 Ι,
514 3229 562 3288 12.
579 3229 632 3303 24;
656 3235 823 3290 loremarius
845 3230 869 3302 1,
886 3229 938 3302 27;
962 3231 1070 3292 tubicen
1093 3231 1117 3304 1,
1134 3231 1162 3304 7,
1185 3232 1247 3290 uoti
1269 3248 1373 3290 omnes
1397 3243 1429 3290 et
1451 3231 1587 3308 vulgares.
1666 3269 1667 3280 .

1443 3416 1502 3475 Tu.
1524 3414 1560 3472 bl.

745 5287 847 5340 Formis
866 5285 1030 5338 Academicis
1049 5285 1093 5348 (G.
1107 5283 1207 5352 Vogt).
