3444 5932
318 590 389 664 138
894 610 1077 666 uouusnu

314 791 442 844 tectores
465 785 614 846 natalibus
636 785 726 845 claris
749 786 939 861 potissimum
961 793 1132 844 crearentur
1153 783 1219 843 fisci
1241 782 1356 843 ditandi
1384 801 1489 856 musa,
1516 784 1635 862 grunitu

314 887 427 945 errabit
447 888 497 962 qni
520 907 621 946 eornm
643 887 855 946 admissionem
878 887 951 964 ipsis
979 886 1137 945 vocabulis
1166 885 1275 944 ducum
1297 885 1481 962 militumque
1508 893 1635 946 testatam

314 987 353 1046 ud
375 989 501 1048 abusum
524 989 620 1048 solum
643 989 741 1048 trahet
763 1007 858 1065 neque
879 989 910 1046 in
932 1007 968 1046 ea
989 997 1133 1065 agnoscet
1147 987 1306 1046 consilium
1329 1005 1397 1046 vere
1418 989 1635 1064 imperatorium

313 1097 344 1150 et
364 1108 431 1148 curu
453 1090 495 1148 rei
517 1091 654 1167 publicae
675 1091 886 1150 reformatione
908 1089 1088 1166 perficienda
1109 1089 1309 1161 coniunctam,
1330 1099 1363 1148 nt
1377 1089 1494 1149 nobiles
1510 1089 1636 1148 homines

313 1210 410 1268 neque
432 1191 489 1250 soli
511 1211 577 1251 eam
599 1192 843 1252 administrarent
864 1210 959 1267 neque
981 1193 1019 1250 ab
1041 1208 1078 1248 ea
1099 1198 1277 1250 arcerentur.
1322 1191 1472 1252 Tenemus
1500 1191 1587 1268 igitur
1610 1192 1636 1249 in

313 1293 371 1352 hoc
393 1293 529 1352 instituto
551 1313 614 1352 rem
636 1294 808 1370 gravissimi
829 1294 969 1353 momenti
992 1303 1022 1352 et
1043 1311 1141 1352 rerum
1165 1294 1314 1370 scriptori,
1337 1293 1450 1352 scilicet
1472 1311 1509 1352 eo
1529 1292 1637 1352 nomine

313 1394 417 1470 digno,
445 1395 649 1466 utilissimam
677 1396 775 1471 ipsam
801 1406 832 1454 ut
852 1413 1051 1472 exequamur,
1078 1395 1207 1454 tenuitas
1233 1395 1513 1454 commentariorum
1541 1395 1637 1452 borum

312 1497 574 1574 epigrapbicorum
595 1515 655 1554 non
679 1497 817 1556 admittit.

353 1598 578 1658 Protectorstus
599 1618 638 1658 ex
659 1599 803 1658 castrensi
826 1598 943 1658 aulicus
965 1599 1060 1656 lactus
1083 1599 1130 1656 sni
1153 1597 1308 1656 dissimilis
1330 1597 1372 1654 ita
1392 1599 1455 1656 fere
1477 1597 1590 1670 erasit,
1610 1608 1639 1654 ut

312 1699 475 1758 dissimiles
497 1699 619 1758 luerunt
634 1699 715 1758 Zeno
738 1709 768 1758 et
783 1701 967 1759 Anastasius
984 1699 1166 1759 Diocletiani
1188 1707 1218 1756 et
1232 1697 1430 1758 Constantini.
1467 1697 1531 1758 Sed
1552 1719 1586 1757 ea
1600 1700 1637 1756 rei

311 1800 448 1860 militaris
470 1803 604 1872 mutatio,
625 1803 710 1860 cuius
734 1803 807 1860 baec
829 1813 1030 1878 protectorum
1052 1817 1123 1879 pars
1142 1811 1196 1871 est,
1220 1809 1316 1859 utrum
1331 1801 1421 1858 etism
1441 1808 1636 1878 protectorum

312 1902 466 1960 vocabulis
490 1911 519 1959 et
540 1903 685 1961 institutis
707 1904 833 1981 vestigia
855 1923 910 1962 sna
928 1903 1121 1979 impresserit,
1143 1903 1306 1978 quaeritur.
1343 1901 1438 1960 Tituli
1454 1913 1516 1960 tres
1533 1901 1590 1959 duo
1604 1921 1637 1958 er

311 2003 477 2080 sepulcreto
500 2001 715 2063 concordiensi
743 2023 821 2064 saec.
836 2005 863 2061 V
891 2003 1100 2080 incipientis¹)
1128 2003 1274 2063 eruderati
1301 2023 1329 2063 n.
1349 2002 1387 2062 27
1411 2007 1584 2078 protectoris
1608 2005 1638 2062 dc

310 2124 424 2163 numero
452 2109 659 2181 armiperosum
684 2115 715 2165 et
740 2127 768 2164 n.
785 2107 824 2166 59
858 2105 942 2181 (vide
968 2105 1060 2181 inira)
1094 2107 1237 2164 domestici
1261 2106 1296 2163 de
1321 2123 1436 2163 sumre
1464 2104 1638 2164 Batauorum

310 2210 452 2265 seniorum
478 2207 641 2282 tertiusque
668 2226 707 2266 ex
729 2208 805 2266 Asis
831 2227 858 2264 n.
882 2207 921 2266 ut
943 2211 1113 2283 protectoris
1137 2211 1247 2266 numeri
1271 2205 1462 2266 Martensium
1488 2207 1562 2264 anni
1584 2205 1636 2264 518

310 2325 385 2384 quos
407 2317 628 2385 proposuerunt
648 2319 832 2386 protectores
854 2310 1035 2370 domesticos
1058 2327 1117 2366 non
1144 2308 1302 2368 comitibus
1329 2307 1565 2368 domesticorum
1591 2327 1637 2384 pa·

309 2417 419 2480 rentes,
442 2410 495 2468 sed
517 2410 628 2468 relatos
650 2410 688 2468 sd
710 2427 852 2470 numeros
876 2418 981 2483 certos,
1004 2410 1040 2470 de
1061 2410 1099 2468 iis
1121 2419 1260 2470 suctores
1275 2410 1416 2486 legesque
1429 2409 1521 2469 huius
1537 2411 1636 2469 aetatis

309 2517 422 2580 tacent,
444 2511 585 2587 quodque
606 2513 670 2571 dixi
692 2513 768 2571 duos
790 2512 857 2572 illos
879 2513 971 2572 edens
993 2510 1041 2588 (0.
1055 2511 1084 2568 V
1105 2533 1134 2590 p.
1151 2510 1244 2587 1059)
1267 2519 1452 2587 protectores
1474 2511 1534 2570 hos
1555 2512 1636 2588 longe

309 2613 463 2671 discedere
490 2631 509 2669 a
535 2613 613 2670 notis
641 2627 796 2689 praeterea
821 2633 917 2690 neque
944 2614 1019 2673 satis
1046 2615 1084 2674 de
1109 2615 1148 2672 iis
1174 2613 1302 2689 liquere,
1331 2613 1429 2670 adbuc
1455 2631 1562 2673 verum
1588 2623 1636 2672 est.

309 2712 453 2771 Fortasse
475 2713 514 2771 ad
535 2713 590 2772 hos
612 2715 778 2791 respiciens
801 2715 984 2774 Iustinianus
1006 2715 1037 2774 in
1059 2715 1172 2793 legibus
1192 2713 1226 2774 (l.
1243 2715 1318 2774 lust.
1339 2715 1368 2786 2,
1385 2714 1413 2785 7,
1431 2713 1516 2784 25,3
1541 2725 1571 2774 et
1594 2713 1635 2782 12,

311 2815 394 2886 17,4
417 2823 599 2890 protectores
622 2816 801 2876 domesticos
824 2817 913 2893 vulgo
935 2825 1023 2875 notos
1045 2818 1180 2875 nominat
1200 2817 1363 2874 donresticos
1381 2817 1588 2892 praesentalis.
1713 2891 1714 2898 ἵ

349 2915 385 2976 ln
407 2933 499 2992 regno
515 2917 621 2974 Italiae
643 2917 724 2993 qnod
739 2917 941 2978 Theodericus
961 2918 1102 2978 formavit
1123 2927 1157 2976 ut
1179 2918 1321 2995 pleraque
1344 2917 1406 2976 alia
1426 2918 1567 2978 instituta
1580 2917 1635 2976 Ro·
1713 2925 1714 2933 ’

307 3036 397 3078 mana
418 3019 508 3076 etiam
530 3027 714 3093 protectores
736 3019 916 3078 domesticos
938 3021 1087 3080 mansisse
1109 3030 1212 3080 auctor
1234 3029 1280 3078 est
1301 3018 1512 3097 Procopiusl)
1537 3021 1635 3079 contir-

307 3128 450 3196 mantque
469 3119 616 3196 epistulae
631 3117 896 3194 Cassiodorianae3
918 3140 987 3180 nam
1006 3131 1036 3178 et
1050 3123 1190 3180 comitum
1207 3121 1440 3180 domesticorum
1455 3139 1491 3180 eo
1508 3129 1635 3198 tempore

307 3221 385 3279 inter
406 3221 540 3278 illustres
564 3229 786 3280 numeratorum
812 3223 903 3284 iniis
930 3223 1040 3282 adsunt
1068 3219 1253 3297 formulael)
1280 3233 1310 3280 et
1336 3223 1500 3298 primicerii
1528 3243 1634 3291 eorum,
1712 3261 1713 3276 2

307 3322 357 3398 qui
377 3322 435 3380 iam
452 3321 633 3380 domesticus
649 3323 818 3401 appellatur
832 3321 901 3382 κατ’
916 3319 1029 3405 ἰξοχὴν
1043 3324 1113 3383 item
1130 3324 1167 3382 ad
1183 3324 1455 3384 illustrissimatum
1472 3323 1634 3398 evectns⁴),
1712 3329 1713 3352 ³

312 3496 515 3506 ..ρ-...ι-

367 3614 389 3676 ¹)
410 3616 486 3666 Certe
505 3632 536 3666 eo
556 3617 652 3668 ducunt
670 3618 824 3683 quicumque
844 3618 910 3668 tituli
939 3619 966 3667 iu
994 3632 1026 3666 eo
1050 3618 1194 3684 sepulcreto
1217 3619 1311 3682 reperti
1335 3623 1395 3666 suut
1419 3633 1477 3670 cum
1501 3633 1571 3670 anno
1593 3618 1633 3667 ad·

306 3708 401 3772 scripto
421 3707 462 3770 (C.
473 3708 495 3758 1.
505 3709 535 3759 L.
549 3710 573 3758 V
592 3726 617 3773 p.
631 3709 720 3771 1058),
741 3725 823 3774 neque
842 3709 973 3760 adsentior
988 3709 1081 3760 Roscio
1101 3707 1180 3770 (Ball.
1199 3709 1321 3758 erutione
1341 3708 1411 3758 1874
1431 3725 1455 3774 p.
1468 3711 1533 3770 tta)
1554 3711 1633 3759 titulus
1711 3775 1712 3780 Ἰ

306 3800 427 3848 tribuenti
447 3799 561 3864 epochae
581 3801 726 3865 posteriori.
1711 3783 1712 3812 ἰ

363 3887 388 3951 ²)
417 3891 482 3940 Hist.
512 3907 565 3941 arc.
594 3909 615 3941 c.
640 3893 687 3942 26:
716 3883 828 3940 Ἰταλίαν
848 3887 1008 3964 Θιυδίριχος
1032 3878 1094 3940 liscio
1118 3879 1175 3948 curie
1199 3887 1223 3939 lu
1248 3887 1282 3954 τῷ
1303 3879 1399 3958 ‘Puipqc
1421 3883 1537 3954 παλιτὲῳ
1562 3909 1632 3957 cepr-

305 3977 447 4048 rsuopiucuc
467 3979 543 4031 ausari
562 3977 642 4046 siner,
664 3967 728 4039 lnce
745 3999 769 4030 τι
790 3971 937 4045 dissilietve
956 3980 999 4046 τῆς
1018 3977 1152 4039 πολιτείας
1170 3979 1212 4045 τῆς
1230 3979 1340 4040 παλαιᾶς
1361 3977 1448 4053 ἴχνος,
1471 3978 1530 4050 μίαν
1550 3977 1633 4031 cincii-

305 4059 354 4120 rrcis
373 4061 489 4137 σῦνταξιν
509 4069 532 4130 ir
551 4065 643 4138 ἦμ1ραν
667 4073 712 4136 <=
730 4075 843 4139 singulas
861 4089 977 4125 annonas
997 4075 1112 4136 diurnas)
1132 4063 1238 4136 ἓκᾶστῳ·
1258 4061 1321 4137 ἦσαν
1341 4069 1368 4122 tt
1388 4063 1457 4123 οὗτοι
1475 4073 1634 4140 παμπληθεῖς

306 4153 375 4230 elyas,
398 4154 425 4210 οῗ
440 4180 467 4210 τε
485 4154 533 4231 ycip
554 4154 722 4232 σιλεντιᾶριος
740 4163 892 4233 καλουμένος
910 4163 950 4214 xsl
970 4161 1115 4232 δομέστικοι
1134 4159 1176 4215 sal
1195 4154 1339 4235 σχολᾶρωι
1359 4163 1383 4214 lu
1402 4159 1487 4223 elusit
1505 4155 1577 4229 ἦσαν,
1599 4159 1633 4221 οἷς

306 4241 336 4317 δὴ
356 4243 424 4303 ἄλλο
446 4247 515 4304 odite
532 4247 696 4305 insitiuum
717 4247 732 4319 ἢ
750 4244 781 4305 rc*
797 4256 842 4320 τῆς
861 4251 995 4324 espossiae
1015 4245 1093 4324 iuopia
1116 4246 1202 4324 pluer,
1228 4255 1268 4307 acl
1293 4248 1308 4321 ἦ
1333 4245 1450 4322 adneges
1474 4243 1536 4320 alep
1562 4255 1587 4315 ἐς
1605 4243 1632 4304 ri

305 4339 396 4410 ιίποζῆν
414 4343 558 4417 ἀποχρῶσα
577 4335 652 4416 μέλις
669 4339 760 4410 αὐτοῖς,
780 4336 841 4417 ἔπερ
862 4346 885 4406 ie
903 4365 929 4398 τι
948 4345 1040 4407 παῖδας
1058 4347 1099 4399 sul
1118 4343 1252 4417 dncyducur
1271 4345 1432 4419 Θινδὸριχος
1451 4335 1541 4406 elucris
1557 4365 1631 4416 sapa·
1710 4339 1711 4372 ³

305 4433 408 4504 πίμπιιν
428 4433 551 4488 iniimus.
585 4441 642 4490 Hoc
661 4441 697 4490 ita
716 4442 816 4492 videtur
835 4442 1013 4507 accipiendum
1032 4459 1088 4494 esse
1106 4443 1258 4506 protectoris
1277 4441 1331 4492 lilio
1350 4443 1377 4492 iu
1395 4441 1466 4492 idem
1485 4457 1578 4506 corpus
1596 4455 1630 4490 rc-

306 4537 380 4595 cepto
399 4531 538 4580 secundnm
557 4532 639 4596 legem
659 4545 683 4581 a.
699 4533 751 4584 364
776 4533 863 4597 (snpra
887 4550 912 4598 p.
930 4535 991 4596 135)
1020 4549 1072 4584 non
1097 4549 1172 4584 suum
1196 4533 1352 4599 stipendium
1378 4533 1466 4582 datum
1491 4549 1561 4596 csse,
1590 4533 1630 4582 sed

306 4623 493 4672 successionem
512 4624 594 4673 solam
612 4625 722 4688 paterni.

364 4711 389 4773 Ι)
408 4714 469 4764 Var.
487 4717 573 4774 1,10:
593 4713 723 4765 domestici
735 4723 825 4782 patres
844 4717 949 4782 equitum
968 4723 993 4766 et
1005 4717 1127 4784 peditum,
1147 4718 1192 4783 qui
1209 4724 1309 4766 nostrae
1325 4716 1401 4766 cuiue
1414 4715 1530 4766 videatur
1542 4717 1631 4783 iupiter

305 4803 427 4856 secubare
528 4805 600 4856 nobis
618 4807 802 4874 supplicatione
820 4809 947 4874 conquesti
964 4816 1033 4868 sunt,
1058 4807 1090 4858 ab
1109 4807 1155 4858 illo
1175 4809 1278 4858 mearco
1299 4807 1482 4876 praefectorum
1501 4825 1552 4875 pro
1570 4824 1629 4857 eino·
1709 4869 1710 4880 γ

307 4897 420 4948 lumentis
437 4897 596 4948 sollemnibus
614 4915 658 4948 nec
677 4899 770 4963 inieqri
783 4897 906 4965 ponderis
925 4899 1021 4950 solidos
1035 4901 1167 4967 percipere
1186 4907 1210 4949 et
1229 4901 1256 4948 in
1273 4915 1372 4949 numeru
1388 4901 1483 4966 procia
1496 4915 1521 4950 se
1534 4897 1628 4965 dispeu-
1709 4907 1710 4952 1

305 4987 351 5039 dia
369 4991 497 5040 sustinere.
537 4987 630 5040 Patres
649 4989 801 5040 vocabulum
827 4992 895 5040 varie
918 4997 1068 5055 temptatum
1092 4993 1151 5042 ideo
1175 4992 1304 5042 adiectum
1328 4997 1379 5053 est,
1408 4991 1477 5056 qnod
1500 4989 1629 5041 domestici

303 5081 351 5130 lilii
370 5083 464 5132 salario
483 5089 578 5132 carent.

363 5170 388 5232 ⁴)
408 5173 531 5223 Formuls
550 5174 686 5224 comitivae
704 5171 902 5224 domesticorum
922 5175 1130 5235 estvar.8,12‚
1150 5175 1285 5225 comitisse
1302 5175 1500 5226 domesticorum
1519 5172 1627 5224 ruenda

305 5277 359 5312 sar.
375 5265 399 5324 1,
416 5265 458 5314 15.
479 5265 504 5326 6,
521 5269 562 5315 11.
