3348 5926
357 607 587 658 aversarum.
642 603 857 656 enrvmaorn
881 601 1052 654 nuruum.
1302 579 1373 650 613

88 780 166 838 Misit
186 781 257 838 mihi
280 781 437 856 Masperns
460 781 587 855 primum
610 779 788 854 descriptam
812 777 849 834 ab
873 775 1044 833 amanuensi
1067 791 1172 850 parum
1198 771 1308 848 perito,
1337 769 1376 828 ad

53 883 122 959 quod
149 883 316 958 exemplum
346 883 438 940 edidit
461 882 639 957 Desjardins
666 882 761 939 Beona
784 882 901 955 critique
923 878 949 937 d.
967 879 1003 936 15
1019 876 1084 935 Oct.
1104 875 1198 946 1883;
1226 874 1332 933 deinde
1358 893 1376 931 a

53 1004 80 1042 se
100 985 252 1062 diligenter
273 994 446 1062 exceptam,
473 985 554 1061 quod
576 983 743 1058 exemplum
767 981 900 1058 sequitur
921 978 1133 1053 Desjardinius
1159 978 1188 1034 in
1212 977 1257 1034 ed.
1281 977 1376 1036 altera

55 1087 289 1162 Compos-rendae
312 1089 346 1146 de
368 1087 545 1145 l'Acadc'mie
571 1089 619 1144 dea
641 1088 822 1160 inscriptions
849 1083 906 1141 vol.
926 1083 960 1140 ll
987 1079 1097 1156 (1883)
1126 1100 1154 1156 p.
1175 1079 1251 1150 4413
1279 1097 1375 1154 nuper

52 1208 113 1247 vero
135 1191 313 1268 recognitam
336 1191 456 1267 egregie
478 1199 509 1247 et
530 1189 690 1265 expletam,
713 1187 793 1263 quod
815 1185 985 1262 exemplum
1008 1183 1086 1240 idem
1101 1180 1375 1255 Desjardiniusex·

51 1293 149 1368 pressit
175 1293 205 1351 in
231 1293 298 1370 eph.
321 1293 416 1350 Reoac
446 1296 563 1368 critique
590 1291 618 1348 d.
640 1290 760 1348 301un.
785 1288 873 1347 1884.
924 1285 1085 1344 Praeterea
1106 1285 1267 1361 Maspcrus
1293 1283 1375 1342 misit

52 1403 179 1473 ectypum
202 1397 305 1454 charta
327 1413 515 1471 expressum,
538 1394 591 1453 sed
614 1397 725 1468 inquo
749 1390 921 1450 difficiliora
942 1407 1001 1447 non
1024 1396 1235 1465 agnoscantur.

50 1549 125 1626 [lmp.
154 1550 279 1627 Caes]ar
301 1551 361 1609 diri
376 1549 559 1627 Vespasiani
581 1549 601 1607 f.
624 1547 831 1622 Domitianu[s
854 1545 1028 1624 nugasque
1051 1545 1187 1623 pontifex
1213 1543 1373 1614 maximus,

85 1653 264 1730 tribunic(ia)
288 1653 489 1729 [potesta]t(e)
511 1653 550 1724 ΙΙ,
574 1651 671 1727 im[p.]
694 1651 751 1723 Ill,
774 1670 803 1727 p.
827 1668 865 1725 p.,
889 1666 949 1708 cos.
967 1647 1071 1718 VIIII,
1095 1644 1298 1724 designat(us)
1321 1645 1352 1702 X

48 1753 210 1832 [equitibus]
233 1765 263 1813 et
285 1757 446 1832 peditibus,
472 1755 522 1830 qui
546 1754 724 1812 militantia
748 1753 805 1810 alis
828 1752 935 1827 [tribus
957 1751 1001 1826 e]t
1022 1750 1196 1810 cohortibus
1219 1745 1373 1827 septem'),

81 1876 152 1932 quae
168 1857 385 1934 appel[lantur]
399 1856 446 1932 (1)
464 1851 632 1933 Augustei)
653 1867 683 1913 et
695 1854 743 1930 (2)
760 1849 923 1930 Apriana³)
947 1862 977 1912 et
993 1852 1040 1929 (3)
1057 1849 1372 1930 Commagenorum⁴);

82 1969 108 2015 et
126 1959 172 2036 (1)
200 1961 214 2018 Ι
238 1954 490 2034 Pannoniorum⁵)
517 1969 546 2016 et
563 1958 609 2034 (2)
632 1959 646 2015 l
668 1951 903 2033 Hispanorum⁶)
929 1966 959 2014 et
975 1955 1023 2032 (3)
1046 1957 1061 2013 Ι
1085 1955 1192 2014 Flauia
1215 1947 1371 2029 Cilicum⁷)

81 2069 107 2117 et
129 2061 174 2137 (4)
198 2057 242 2138 1⁸)
266 2070 295 2121 et
311 2063 359 2138 (5)
382 2062 413 2118 ΙΙ
430 2055 668 2136 Thebaeorum⁹)
692 2068 720 2116 et
743 2059 791 2135 (6)
815 2053 886 2136 11¹⁰)
908 2067 937 2116 et
958 2053 1320 2134 (7)1111turaeorum¹¹)
1343 2065 1374 2115 et

81 2165 194 2222 suntin
217 2165 359 2241 Aegypto
382 2165 438 2222 sub
462 2163 497 2221 L.
520 2162 651 2220 Laberio
675 2157 864 2237 Maximo¹²),
895 2163 946 2238 qui
969 2161 1058 2236 quina
1080 2170 1109 2218 et
1132 2162 1237 2218 vicena
1258 2160 1371 2237 stipen-

81 2265 126 2322 dia
146 2274 197 2324 aut
219 2267 309 2342 plura
330 2275 509 2336 meruerant,

46 2383 159 2440 quorum
182 2369 306 2427 nomina
332 2369 502 2444 subscripta
528 2377 610 2438 sunt,
639 2367 716 2444 ipsis
744 2367 845 2425 liberis
874 2367 1063 2442 posterisque
1089 2383 1192 2422 eorum
1220 2365 1370 2423 civitatem

81 2469 156 2528 dedit
177 2479 208 2530 et
230 2471 389 2530 conubium
413 2489 478 2528 cum
503 2471 662 2541 uxoribus,
690 2487 765 2544 quas
789 2479 858 2526 tunc
880 2469 1068 2540 habuissent,
1097 2485 1162 2526 cum
1191 2476 1238 2525 est
1264 2466 1370 2524 civitas

81 2571 115 2629 iis
136 2572 219 2645 data,
248 2583 299 2631 aut
321 2575 345 2631 si
367 2573 419 2648 qui
442 2572 571 2631 caelibes
596 2579 710 2644 essent,
738 2590 802 2630 cum
826 2571 864 2630 iis
886 2588 962 2648 quas
984 2579 1091 2646 postea
1116 2570 1274 2628 duxissent
1300 2569 1369 2627 dum

81 2681 161 2732 taxat
183 2675 296 2752 singuli
320 2676 457 2754 singulas

45 2791 66 2830 a.
87 2775 112 2832 cl.
135 2777 163 2834 V
184 2777 251 2835 idus
274 2777 378 2836 lunias
402 2777 503 2836 Tettio
525 2772 693 2852 lulian0¹³),
720 2776 860 2835 Terentio
884 2773 1031 2835 Strabone
1053 2775 1164 2834 Erucio
1186 2770 1368 2850 Homullo¹‘)

80 2897 136 2938 coo.
146 2875 178 2956 15)

44 2980 171 3041 cohortl
187 2981 405 3058 Hispanorum,
429 2983 474 3040 cui
498 2991 600 3058 praest
623 2984 662 3041 lll.
681 2981 821 3042 Subinius
845 2981 971 3055 Fuscus,
994 2981 1158 3040 centurioni
1180 2979 1213 3040 C.
1230 2979 1310 3038 Iulio
1333 2977 1366 3037 C.

79 3084 97 3141 l.
119 3083 279 3144 Saturnino
303 3083 390 3143 chio.

45 3183 225 3264 Descripturn
248 3194 278 3244 et
299 3187 483 3264 recognitum
506 3207 544 3246 ex
568 3189 670 3246 tabula
685 3207 786 3259 aenea,
810 3207 888 3264 quae
902 3189 965 3244 fixa
979 3197 1026 3244 cst
1040 3185 1155 3244 Romae
1170 3185 1199 3244 in
1216 3183 1367 3260 Capitolio

78 3288 151 3346 intra
173 3291 295 3348 ianuam
319 3289 396 3365 Opis
419 3289 557 3347 adlatus
581 3291 716 3347 dextrum
726 3285 768 3365 ¹⁶).

78 3440 99 3517 ¹)
121 3446 260 3523 Augusto
286 3445 419 3522 principe
446 3446 475 3504 in
499 3447 637 3523 Aegypto
666 3445 827 3503 tendebant
852 3445 917 3502 alac
945 3453 1004 3501 tres
1032 3446 1231 3522 cohortesque
1258 3461 1365 3502 norem

43 3542 139 3621 (supra
160 3529 188 3624 pl
206 3547 251 3622 9).
296 3549 358 3606 Aut
379 3549 544 3625 imperante
567 3564 602 3604 eo
625 3555 676 3604 aut
698 3547 802 3621 primis
826 3548 912 3604 annis
935 3545 1049 3604 Tiberii
1071 3547 1184 3604 arrxilia
1210 3545 1366 3603 imminuta

42 3664 101 3705 csse
121 3650 282 3710 verisimile
304 3660 364 3722 est,
392 3670 457 3708 cum
480 3649 559 3724 legio
581 3667 699 3724 quoqne
722 3668 780 3706 una
802 3669 840 3707 ex
862 3649 957 3707 tribus
980 3659 1040 3706 tum
1063 3649 1133 3706 inde
1160 3647 1287 3706 abducta
1313 3647 1364 3718 sit3

42 3759 112 3807 certo
133 3761 234 3812 tamen
256 3773 295 3812 ex
315 3754 371 3810 hac
394 3753 498 3810 tabula
519 3769 578 3809 non
602 3750 729 3809 efficitur
751 3771 777 3808 a.
795 3751 833 3810 83
856 3770 915 3810 non
935 3751 1003 3828 plus
1023 3761 1083 3810 tres
1100 3751 1164 3809 alas
1180 3756 1210 3808 et
1224 3749 1363 3808 cohortes

43 3863 145 3926 septem
166 3855 197 3914 in
213 3857 352 3932 Aegypto
376 3852 548 3926 tetendisse,
571 3873 635 3912 cum
652 3851 818 3911 Domitiani
840 3853 1028 3931 privilegium
1051 3855 1088 3911 ad
1111 3861 1226 3929 partem
1248 3860 1363 3910 tantum

42 3956 209 4016 auxiliorum
233 3957 484 4034 Aegyptiacorum
507 3957 663 4033 pervenire
685 3957 823 4030 potuerit.
868 3955 971 4032 Opera
991 3955 1029 4012 ad
1045 3954 1174 4032 Coptum
1197 3955 1276 4014 facta
1297 3972 1363 4012 esse

41 4055 72 4110 ab
93 4059 147 4116 alis
169 4059 266 4118 tribus
288 4068 317 4118 et
339 4059 510 4118 cohortibus
532 4067 646 4135 septem
668 4057 830 4116 laterculus
853 4055 1032 4134 Coptitanus
1055 4056 1088 4130 (Ι.
1105 4057 1145 4133 c.)
1172 4057 1285 4130 docuit,
1312 4057 1363 4134 qui

41 4167 101 4216 sunt
119 4161 178 4238 ipsi
200 4161 315 4220 numeri
337 4161 486 4240 privilegii
509 4161 611 4230 huins3
635 4159 688 4218 sed
711 4177 770 4235 quo
793 4167 924 4236 tempore
946 4161 1001 4219 illa
1022 4161 1188 4234 laetasint,
1211 4160 1362 4219 nonsatis

41 4273 157 4336 constat,
180 4281 236 4323 nec
257 4265 469 4341 magiscertum
492 4273 538 4322 est
559 4263 660 4320 omnia
675 4262 807 4340 Aegypti
823 4263 937 4322 auxilia
949 4263 990 4322 'ad
1006 4262 1135 4340 Goptum
1151 4281 1228 4342 opus
1243 4262 1362 4322 fecisse.

75 4356 96 4436 ²)
116 4363 204 4425 Hanc
226 4385 264 4425 ex
279 4367 419 4443 Aegypto
442 4373 597 4442 praeterea
618 4383 678 4423 non
700 4364 844 4423 habemus
866 4375 1005 4426 testatam
1013 4387 1021 4438 ;
1045 4367 1097 4426 sed
1120 4367 1221 4426 eadem
1244 4363 1362 4422 videtur

39 4461 123 4545 luisse
146 4468 195 4526 ala
210 4469 357 4544 Augusta,
379 4468 463 4526 cuius
484 4466 638 4526 vexillatio
659 4467 690 4525 in
705 4467 924 4545 Mesopotamia
947 4470 1110 4528 constituta
1130 4474 1313 4527 memoratur
1331 4466 1362 4524 in

39 4563 117 4623 titulo
139 4589 166 4627 n.
180 4569 241 4628 600
263 4572 369 4630 aetatis
393 4571 453 4628 lere
468 4569 627 4640 Traianae,
650 4588 717 4627 cum
735 4571 850 4630 numeri
865 4571 907 4630 ibi
920 4571 1058 4630 recensiti
1073 4571 1243 4648 pertineant
1256 4585 1360 4626 omnes

39 4665 71 4722 ad
92 4673 239 4732 exercitus
258 4672 401 4731 Orientis.
446 4671 506 4732 Ala
527 4671 541 4728 I
564 4672 712 4747 Augusta,
735 4691 811 4748 quae
834 4673 889 4732 sub
911 4673 967 4731 Pio
990 4674 1021 4731 in
1044 4673 1200 4731 Pannonia
1220 4670 1361 4730 inl'criore

39 4766 87 4827 luit
108 4772 159 4846 (D.
171 4774 261 4832 XLII
284 4794 350 4832 cum
373 4773 441 4832 add.
459 4773 579 4850 Epiall
601 4794 628 4850 p.
643 4775 702 4833 453
726 4795 755 4834 n.
771 4775 864 4850 1017)
887 4783 1193 4849 commemoraturque
1214 4775 1244 4831 in
1267 4773 1360 4832 titulis

39 4865 148 4933 Noricis
171 4897 200 4935 n.
212 4874 292 4936 4812
310 4897 336 4935 a.
350 4875 409 4936 238
426 4875 505 4952 (sine
519 4877 658 4952 numero)
680 4884 711 4934 et
725 4877 807 4936 4834
830 4875 913 4950 (item
937 4878 1001 4936 sine
1022 4875 1160 4951 numero)
1183 4884 1214 4933 et
1235 4875 1265 4933 in
1281 4875 1360 4933 Rae·

38 4969 90 5028 tico
110 4995 137 5032 n.
155 4979 250 5052 5819,
280 4989 379 5056 potest
406 4979 508 5037 eadem
536 4996 613 5037 esse.
656 4977 769 5038 Contra
796 4979 915 5039 diversa
939 4979 1028 5038 fuerit
1053 4995 1174 5038 necesse
1201 4987 1246 5038 est
1270 4977 1322 5035 ola
1343 4977 1366 5035 I

38 5071 137 5134 Flauia
157 5078 291 5158 Augusto
312 5081 502 5154 Britannico,
533 5099 609 5156 quae
631 5099 685 5156 per
707 5102 732 5140 a.
747 5081 915 5141 113-167
940 5081 1092 5158 praesedit
1113 5081 1287 5140 Pannoniae
1315 5082 1360 5140 in·

39 5173 142 5254 teriori,
164 5183 232 5242 item
256 5203 309 5260 per
331 5183 454 5260 aliquod
476 5193 593 5261 tompus
615 5191 713 5242 castra
734 5185 839 5243 habuit
860 5185 890 5240 in
904 5181 1099 5260 Cappadocia
1114 5181 1155 5258 (v.
1172 5201 1262 5260 supra
1276 5201 1304 5259 p.
1319 5181 1358 5240 28

39 5295 63 5333 n.
81 5281 145 5356 41);
174 5305 240 5344 nam
269 5287 299 5344 in
327 5285 366 5345 D.
387 5285 486 5344 XLII.
508 5285 615 5345 XLlll
642 5288 729 5345 iuxta
757 5294 907 5363 ponuntur
928 5287 950 5342 Ι
972 5284 1106 5362 Augusta
1131 5297 1161 5344 et
1186 5285 1359 5344 Britannico
