3444 5932
400 619 1005 676 oasnnvsnronasamenmmcss.
1307 601 1376 682 147

86 797 160 872 prium
182 796 246 868 sibi,
275 795 305 854 id
338 816 414 874 quae
444 797 475 856 in
503 796 597 856 titulis
619 797 797 856 observatur
818 804 1009 854 evocatorum
1040 793 1078 854 ad
1104 795 1244 854 cobortes
1270 793 1377 854 relatio

87 897 221 970 conirmst,
252 898 336 958 ruodo
369 899 510 960 uniuersa
542 898 713 958 testimonia
742 899 901 958 coniuncta
931 905 1012 956 recte
1038 896 1205 974 expendas,
1238 896 1270 954 id
1298 894 1377 972 qnod

85 1017 128 1057 son
148 981 214 1058 succ
232 997 407 1060 &umacus
435 1001 480 1078 (p.
501 1000 585 1076 aar).
629 997 752 1060 Scilicet
776 999 855 1058 inter
880 999 982 1058 tremos
1008 1005 1215 1070 evocatorum,
1249 1015 1377 1073 quorum

84 1101 139 1158 nihi
158 1109 263 1178 praesto
287 1110 355 1162 snut
376 1111 494 1160 centnm
517 1101 580 1161 iere
608 1109 638 1159 et
658 1101 890 1180 qninquaginta,
916 1101 1005 1178 longe
1031 1099 1164 1176 plerique
1191 1106 1242 1158 eut
1263 1098 1377 1157 evocati

83 1219 165 1262 nomen
184 1203 273 1262 solnm
294 1215 409 1282 ponunt
430 1211 491 1276 ant,
514 1203 564 1262 nbi
586 1212 617 1262 et
637 1204 841 1264 evocationem
857 1210 887 1261 et
901 1203 1055 1262 cohortem
1070 1201 1235 1274 enuntiant,
1258 1217 1309 1258 eas
1332 1218 1377 1258 se·

84 1313 166 1377 purant
183 1304 264 1364 modo
285 1305 324 1364 ad
345 1306 404 1364 boc
424 1304 611 1382 exemplum:
633 1305 766 1364 militavit
787 1305 899 1364 cohorte
919 1303 974 1362 illc
989 1321 1079 1364 uanos
1102 1311 1150 1374 tot,
1174 1311 1302 1362 euocatus
1317 1304 1380 1377 suit

83 1422 151 1462 euos
168 1401 246 1482 tot1),
268 1407 357 1466 modo
379 1414 410 1465 et
430 1407 519 1466 etiam
541 1407 728 1482 frequentius
743 1405 781 1492 ad
796 1405 870 1465 hoc:
894 1416 1034 1476 euocatus,
1055 1405 1135 1464 miles
1151 1405 1273 1464 cohortis
1288 1404 1376 1462 illius.

83 1503 214 1580 Utrumque
233 1507 282 1566 ubi
308 1509 455 1585 iungitur,
482 1508 641 1584 aliquoties
669 1508 757 1568 simul
786 1507 973 1585 significatur
1000 1506 1134 1566 militiam
1162 1505 1376 1582 praecessisse,

84 1607 248 1668 evocationem
275 1617 409 1669 secutam
436 1607 555 1684 esse¹);
588 1609 720 1668 cohortis
747 1619 845 1670 antem
873 1608 1049 1669 vocabulum
1075 1609 1213 1686 genetivo
1239 1625 1312 1666 casu
1339 1606 1377 1664 ad

84 1716 204 1768 comtum
224 1710 419 1787 adiungentes
440 1711 545 1770 titulos
567 1711 618 1786 qni
640 1711 783 1788 expendit
804 1730 926 1770 numero
941 1727 1053 1789 paucos
1068 1718 1098 1768 et
1112 1709 1240 1769 labentis
1255 1709 1376 1784 linguae

84 1827 171 1882 onnes,
192 1830 247 1870 nou
269 1812 421 1872 dubitabit
442 1813 480 1872 ad
503 1814 629 1872 abusum
652 1811 811 1888 reserrei).
860 1813 964 1890 Itaque
986 1812 1055 1871 binc
1076 1829 1193 1888 quoqne
1217 1811 1377 1882 stabilitur,

85 1911 138 1984 qnod
155 1930 236 1990 snpra
256 1915 424 1990 posuimus,
447 1923 605 1974 evocatum
626 1933 686 1974 non
707 1915 739 1973 in
761 1915 883 1974 cohorte
904 1915 1059 1988 meruisse,
1082 1914 1135 1972 sed
1156 1921 1242 1972 extra
1264 1931 1329 1972 cam
1345 1916 1376 1970 in

88 2029 173 2088 copore
192 2024 343 2091 separato.

116 2110 163 2185 Quo
181 2133 300 2176 numero
324 2117 440 2176 euocati
462 2117 582 2192 inerim,
606 2117 666 2178 Dio
689 2117 754 2194 (55,
770 2116 823 2194 tt)
845 2118 887 2178 ait
908 2117 1024 2178 nescire
1045 2135 1087 2190 se,
1111 2135 1206 2194 neque
1229 2133 1284 2176 nos
1307 2135 1375 2176 con-

92 2211 165 2274 iectus
181 2237 244 2276 enm
267 2219 396 2296 adsequi
419 2219 568 2295 potuimus
575 2240 584 2292 3
606 2239 675 2278 nam
691 2239 730 2279 ex
744 2237 838 2296 snpra
857 2220 965 2294 positis
983 2219 1040 2279 etsi
1059 2218 1238 2294 intellegitur
1253 2237 1290 2276 ex
1306 2221 1376 2278 mis·

90 2314 140 2373 sicia
156 2321 357 2394 praetorianis,
379 2339 456 2396 qnos
479 2320 562 2380 solos
585 2321 646 2380 lere
668 2321 698 2380 in
719 2329 890 2397 computum
906 2321 1005 2380 uenire
1020 2320 1142 2378 dubium
1165 2327 1300 2392 nonest,
1324 2320 1376 2377 dc·

86 2414 159 2474 cium
178 2421 293 2480 tertium
318 2440 466 2498 quemque
487 2429 642 2482 evocatum
664 2403 774 2482 lactum
796 2439 873 2495 esse,
895 2441 954 2481 non
977 2422 1076 2481 solnm
1098 2422 1280 2498 ignoramus,
1302 2432 1376 2497 quot

83 2513 182 2580 homines
202 2541 238 2582 ex
259 2541 389 2600 corpore
410 2524 465 2584 illo
487 2524 721 2583 admissionem
743 2525 900 2599 pervenire
922 2523 1002 2582 soliti
1024 2524 1097 2594 sint,
1127 2522 1180 2581 sed
1202 2524 1374 2598 ignoramus

82 2615 129 2676 item
145 2622 182 2692 id,
206 2643 224 2682 s
244 2644 308 2702 qno
331 2634 396 2684 tota
416 2643 465 2684 res
486 2625 609 2702 pendet,
635 2643 689 2701 per·
710 2633 784 2702 qnot
804 2625 868 2684 lere
890 2643 985 2686 annos
1008 2625 1124 2684 evocati
1145 2625 1174 2682 in
1199 2642 1254 2685 sna
1275 2625 1375 2684 condi·

81 2719 140 2779 donc
157 2728 325 2786 manserint.
365 2725 436 2786 Non
457 2727 500 2784 its
520 2725 633 2804 paucos
655 2727 749 2786 tuisse
773 2727 879 2786 suadet
900 2727 1054 2786 titulorum
1076 2725 1235 2786 multitudo
1256 2745 1375 2806 compa·

80 2829 126 2878 rata
141 2827 261 2902 exempli
284 2827 384 2904 gratia
400 2846 465 2887 cnm
480 2828 557 2887 raris
572 2827 666 2887 titulis
682 2828 808 2887 duarum
823 2829 1022 2888 centuriarum
1039 2837 1198 2900 statornm;
1222 2829 1274 2887 sed
1290 2831 1377 2906 copia

79 2919 116 2979 illa
130 2943 221 2988 rursus
233 2935 303 2988 ‘non
327 2947 365 2987 ex
385 2947 510 2988 numero
536 2929 602 2988 solo
631 2931 754 3006 pendet,
783 2929 836 2988 sed
863 2949 902 2988 ex
928 2929 1097 2989 officiorum
1123 2947 1230 3006 genere
1257 2947 1376 3008 quoque

80 3033 99 3078 ct
114 3029 322 3089 condicionibus
344 3031 432 3089 vitae.

106 3125 234 3190 Ilrocatos
261 3132 402 3209 paruisse
427 3132 587 3211 praefectis
612 3135 764 3210 praetorio
790 3133 858 3192 inde
886 3133 1076 3210 potissimum
1104 3133 1267 3210 colligitur,
1295 3135 1376 3210 quod

78 3227 169 3300 qnidam
187 3251 288 3292 eorum
312 3232 394 3308 iique
415 3233 625 3295 honoratiores
647 3235 821 3294 adscribunt
847 3236 927 3312 apud
952 3235 1118 3311 praefectos
1140 3253 1192 3295 eos
1215 3253 1248 3294 se
1269 3235 1376 3294 milita·

77 3327 183 3410 visscl),
209 3345 238 3394 et
258 3353 363 3394 eornm
385 3352 518 3414 quoqne,
545 3337 597 3412 qni
625 3337 754 3396 officium
783 3355 843 3396 non
869 3336 1037 3410 enuntiant,
1066 3337 1181 3414 aliquot
1207 3337 1290 3396 aiunt
1316 3357 1375 3398 me·

80 3452 252 3472 Ἢ

117 3531 137 3594 ¹)
154 3535 181 3586 C.
194 3538 245 3600 VI,
267 3538 349 3588 2440.
370 3537 450 3589 2530.
471 3539 542 3589 2725
561 3545 609 3590 cet.
654 3539 727 3590 Haec
746 3539 877 3590 sollemnis
897 3546 923 3590 et
941 3540 1054 3604 optimae
1074 3539 1164 3590 aetatis
1182 3539 1295 3590 formula
1320 3540 1377 3590 sola

75 3621 146 3674 umet
162 3627 193 3678 sd
210 3628 382 3680 deliciandum
401 3629 486 3680 locum
505 3632 617 3694 evocati3
643 3643 703 3682 nam
723 3637 843 3682 evocatus
862 3632 884 3680 si
904 3632 932 3681 in
951 3631 1056 3682 cohorte
1075 3631 1222 3693 mansisset,
1243 3632 1281 3681 ita
1299 3631 1377 3681 scribi

74 3727 112 3763 nnn
127 3717 215 3770 debuit.

117 3802 137 3867 ²)
154 3805 299 3874 deodatus)
323 3811 435 3878 Augusti
455 3811 629 3876 sudariolum)
647 3809 688 3864 VI
773 3814 885 3882 profecit
903 3829 934 3865 cu
952 3811 1007 3866 colu.
1022 3810 1046 3865 V
1063 3829 1105 3882 pr.
1157 3813 1266 3876 (Romae
1286 3813 1315 3864 G.
1329 3815 1376 3875 vt,

74 3895 145 3961 1519).
163 3929 194 3939 -
221 3899 397 3968 [EvJottauo
416 3919 447 3954 cc
465 3901 651 3972 sp[c]cluto[re]
671 3920 725 3972 epp.
741 3913 826 3973 prust.
871 3903 996 3972 (Aquinci
1014 3905 1081 3971 pr.
1102 3920 1142 3971 ep.
1155 3905 1184 3956 11
1202 3921 1228 3954 n.
1243 3905 1316 3968 619).
1342 3931 1375 3940 -

74 3985 151 4040 Similis
168 4001 212 4056 eat,
232 3996 277 4046 sed
295 3994 458 4060 perturbatus
472 3996 518 4057 VI,
538 3996 618 4059 3419,
638 3998 680 4047 cni
698 3999 793 4048 nollem
807 3997 964 4049 Schmidtins
983 3996 1019 4062 (p.
1031 3995 1094 4060 347)
1114 4002 1213 4047 tuntum
1233 3997 1377 4048 tribuisset:

72 4077 122 4130 Aur.
134 4080 243 4136 Iulu'aaus
258 4085 399 4148 cuoltlatus)
419 4101 450 4138 ea
468 4083 697 4154 h(e)n(clf(u'cs'as·io)
716 4087 892 4150 calummaris)
907 4084 995 4138 VIIII
1010 4086 1078 4138 chor.
1091 4085 1142 4137 III
1153 4123 1159 4137 .
1171 4121 1196 4140 ..
1210 4095 1263 4138 aut.
1277 4085 1377 4150 Βασίας

73 4167 137 4223 laum
153 4177 285 4242 flnugm
304 4177 415 4229 scribere
436 4178 545 4228 debebat
567 4187 685 4231 evocatus
709 4179 861 4231 solucionem
879 4175 967 4229 VIIII
982 4195 1013 4230 cc
1032 4177 1189 4246 beneficiario
1209 4178 1320 4231 cohortis
1331 4178 1382 4230 ΙΙΙ

71 4267 200 4324 tractoriae.
228 4295 259 4305 -
284 4266 415 4320 Evocatus
433 4269 500 4336 Aac.
521 4285 552 4322 au
566 4271 719 4338 proaemio>
739 4271 880 4334 (Trallibus
899 4271 956 4334 111,
976 4271 1055 4334 446);
1081 4270 1151 4322 ecclc.
1170 4287 1201 4321 ex
1220 4269 1274 4322 coh.
1288 4270 1323 4322 II
1332 4289 1377 4340 pr.

70 4365 90 4415 1·
101 4370 121 4404 v·
140 4357 241 4418 (Romae
252 4361 303 4424 VI,
323 4360 419 4426 2462),
438 4377 505 4414 coac.
518 4361 585 4430 Aug.
605 4378 636 4414 eu
654 4361 709 4414 coh.
722 4361 788 4413 IIII
802 4378 844 4430 pr.
866 4361 976 4426 (Romae
993 4363 1072 4414 Orell.
1087 4363 1181 4426 6775);
1201 4369 1276 4414 ceter.
1290 4363 1378 4414 coola.

71 4456 95 4492 ἔτ
107 4446 134 4498 tl.
147 4465 190 4516 pr.
209 4449 270 4504 tta.
296 4452 403 4514 (lhiaeni
421 4453 462 4517 X,
484 4453 575 4516 9417).
617 4454 659 4504 De
678 4471 726 4506 usu
744 4454 942 4522 praepositionis
961 4454 1019 4504 uide
1039 4469 1104 4520 qnae
1123 4470 1201 4520 snpra
1218 4471 1243 4521 p.
1260 4458 1311 4506 128
1332 4456 1378 4506 ob-

72 4542 217 4594 unanimus.

116 4627 138 4692 ⁸)
156 4629 222 4694 Quos
239 4637 326 4688 inueni
345 4636 372 4686 bi
391 4641 463 4687 sunt:
487 4637 580 4688 urbani
600 4639 711 4704 quinque
730 4639 778 4702 VI,
800 4639 871 4689 2495
892 4637 965 4702 (cult,
985 4644 1039 4688 nat.
1058 4637 1166 4701 Dacus).
1187 4639 1258 4691 2526
1279 4638 1377 4705 (preth

72 4719 129 4770 2626
147 4721 208 4784 (cho.
226 4723 280 4778 ΠΙ
293 4742 348 4796 pre.
366 4743 395 4795 p.
419 4727 463 4790 a).
485 4729 556 4779 2870
581 4729 751 4792 (Christiani).
792 4730 859 4798 Eph.
873 4731 913 4782 lv
931 4747 957 4782 n.
972 4731 1024 4782 921
1045 4727 1111 4796 (coh.
1126 4727 1192 4781 IIII
1206 4746 1264 4798 pre.
1279 4746 1308 4798 p.
1328 4729 1377 4793 v.);

72 4805 227 4869 Stltmitanua
244 4821 285 4882 X,
310 4819 363 4870 115
389 4819 517 4882 (euocatus
541 4821 619 4872 cortus
643 4823 714 4872 tertie
732 4821 870 4888 pretorie);
896 4822 1062 4888 Tergestinus
1075 4823 1109 4886 V,
1130 4823 1183 4873 543
1210 4818 1290 4884 (evolc-
1310 4819 1377 4887 Aug.

72 4914 92 4948 a·
111 4903 159 4954 colu
179 4903 260 4960 VIIII
277 4918 360 4978 praet.
385 4927 413 4980 p.
432 4928 457 4962 o.
483 4909 628 4976 Severius„
658 4914 767 4978 scriptus
793 4913 871 4978 igitur
894 4914 941 4964 sub
966 4913 1141 4978 Alexandro);
1171 4913 1378 4978 Collipponensis

73 4994 123 5042 tani
141 4995 189 5048 167
207 5000 280 5068 (liph.
299 5003 368 5069 ep.I
386 5019 412 5069 p.
426 5005 462 5055 44
481 5019 507 5054 n.
523 5004 594 5066 139).
633 5005 739 5056 Praeter
757 5005 874 5056 ultimum
893 5006 920 5056 in
939 5007 1075 5074 provincia
1096 5005 1237 5070 longinqua
1254 5003 1377 5068 scriptum

72 5087 152 5136 saeculi
169 5094 232 5142 tertii
252 5111 340 5146 omnes
359 5103 419 5146 snat
437 5102 463 5146 et
480 5095 640 5147 soloecismis
658 5097 797 5148 abundant

120 5176 143 5240 ¹)
159 5181 221 5234 Sunt
236 5185 262 5236 hi
280 5193 398 5238 euocatus
409 5186 521 5256 adaquati
537 5205 555 5239 a
573 5187 760 5256 quaeatiom'hus
771 5187 957 5257 pracfcctorum
969 5191 1102 5257 practorio
1123 5195 1148 5238 et
1166 5192 1283 5238 evocatus
1299 5185 1376 5235 maio-

72 5261 157 5318 'fffl'tt
171 5277 344 5342 prodemus-usu
357 5281 501 5350 praetorio,
522 5279 555 5332 da
574 5281 665 5348 quibus
684 5281 752 5334 lutra
771 5281 867 5334 dictum
887 5290 937 5348 est;
957 5281 1035 5348 plane
1054 5289 1137 5335 certus
1156 5285 1246 5332 neuter
1264 5284 1310 5330 est.

1115 5388 1171 5448 10*
