3348 5926
309 562 381 637 638
882 582 1065 634 uouusau

307 755 465 830 Lanciani,
482 758 639 815 Ianuarius
661 760 796 818 tllstntvs
820 766 846 814 ct
868 759 944 817 rtttttt
963 760 1088 834 promoti
1109 775 1172 816 cum
1186 755 1329 832 [cJollcpia
1345 757 1434 814 llllllll
1449 757 1535 832 officii.
1564 755 1607 815 Sed

309 861 382 919 certi
405 859 544 936 quiddam
567 879 606 918 no
627 879 666 918 ex
687 859 743 918 hac
765 858 885 935 quidem
907 859 1043 918 efficitur.
1078 893 1116 902 —
1149 859 1250 918 Minus
1274 857 1450 918 dubitationi
1476 859 1607 917 obnoxium

309 972 364 1038 est,
387 963 467 1040 quod
489 962 633 1040 postremi
655 960 788 1020 omnium
811 961 941 1020 salutant
964 959 1126 1037 [offilciules
1148 980 1181 1020 ea
1203 961 1311 1019 ordine.

354 1242 495 1318 Sequitur
516 1241 645 1300 edictum
668 1241 809 1314 alterum,
838 1257 994 1317 quoquae
1016 1240 1053 1298 de
1075 1239 1381 1299 ordineiudiciornm
1409 1239 1516 1298 saeculi
1540 1240 1607 1314 qunti
1662 1249 1663 1274 l

311 1363 453 1404 noramus
476 1363 535 1402 non
556 1363 614 1401 uno
636 1344 754 1400 nomine
777 1349 968 1420 augmentum
991 1342 1149 1420 accipiant.
1183 1343 1256 1418 Agit
1277 1343 1356 1400 enim
1379 1341 1417 1400 de
1433 1342 1471 1399 iis
1485 1359 1608 1416 quaepa-

311 1457 356 1508 tes
378 1447 441 1506 litis
464 1465 555 1505 causa
576 1455 730 1523 praestare
754 1446 877 1518 debent,
904 1445 934 1502 id
957 1453 1003 1502 est
1025 1445 1061 1502 de
1087 1443 1292 1520 commodis¹)
1321 1444 1386 1502 sire
1415 1443 1548 1520 sportulis
1569 1444 1608 1500 oli·

311 1551 433 1610 cialium
460 1557 489 1608 et
516 1549 659 1607 similium
686 1565 891 1623 personarum.
944 1544 1027 1620 Quos
1057 1547 1167 1605 abusus
1194 1547 1251 1604 hoc
1277 1545 1410 1604 edictum
1436 1545 1610 1621 respiciatis

312 1655 483 1711 universum
506 1650 638 1708 declarat
659 1650 708 1707 lex
732 1649 866 1726 aequalis
889 1649 966 1722 fere,
993 1650 1065 1707 anni
1087 1649 1201 1708 scilicet
1224 1648 1293 1721 370,
1318 1645 1352 1706 C.
1368 1647 1429 1706 Th.
1449 1649 1475 1719 1,
1490 1645 1535 1718 29,
1547 1649 1570 1718 5,
1580 1650 1611 1720 p.

312 1759 404 1815 reneis
425 1757 513 1829 iurgii
526 1754 650 1828 fraudes
672 1770 845 1824 recensens,
874 1753 940 1810 dum
961 1762 1012 1809 cut
1033 1756 1151 1809 cvcmor
1171 1753 1324 1808 instruitur
1345 1751 1501 1808 aduncatus
1525 1759 1566 1808 cut
1582 1751 1612 1806 ct·

313 1855 433 1932 sedeur]
468 1849 612 1930 liminic²)
649 1855 804 1912 maioribus
834 1858 969 1929 princeps
994 1855 1134 1929 praemiis
1165 1862 1309 1924 moratur,
1344 1854 1414 1909 dum
1441 1863 1505 1909 uoto
1529 1853 1558 1909 ci
1585 1871 1612 1907 er·

313 1959 472 2035 captoribus
495 1958 703 2028 distrabantur,
729 1957 796 2014 dum
818 1957 955 2014 commodi
974 1959 1085 2013 nomine
1106 1955 1229 2032 amplius
1252 1954 1288 2011 at
1311 1973 1342 2012 eo
1364 1959 1419 2029 qui
1445 1957 1538 2012 uicerit
1558 1957 1614 2010 irtu-

314 2080 408 2122 ceosor
430 2059 482 2135 (=
500 2069 653 2130 executor3
685 2059 721 2116 cf.
747 2056 781 2116 O.
798 2057 870 2116 lust.
896 2057 994 2130 1,40,
1016 2057 1047 2133 8)
1075 2059 1199 2132 exposcit
1224 2075 1310 2132 quam
1335 2059 1505 2114 redditurus
1530 2067 1563 2113 est
1583 2054 1613 2110 illc

313 2166 363 2240 qui
374 2165 640 2238 sacritcuperctuc.
677 2159 756 2217 Nam
772 2177 874 2218 omnes
889 2160 930 2232 hi,
953 2159 1101 2232 advocati,
1123 2161 1273 2236 princeps,
1296 2169 1488 2235 exceptores,
1509 2165 1614 2216 executor

313 2267 439 2323 redeunt
460 2264 491 2322 in
513 2262 610 2321 edicto
631 2261 812 2321 Marisciani.
851 2263 959 2340 Agitur
981 2249 1079 2320 autem
1101 2261 1133 2319 in
1154 2280 1190 2320 eo
1214 2261 1251 2319 de
1273 2262 1488 2321 emolumentis
1501 2269 1614 2338 praestan-

314 2367 360 2427 dis
382 2368 430 2427 his
453 2365 605 2442 personis:

470 2496 496 2552 1.
519 2491 649 2569 principi
670 2491 711 2566 (v.
732 2489 866 2567 13-22)

470 2594 497 2654 2.
521 2593 718 2653 corniculario
742 2593 784 2670 (v.
803 2593 938 2668 23-25)

469 2699 497 2758 3.
520 2695 780 2756 commentariensi
802 2695 842 2772 (v.
861 2694 996 2772 23-25)

469 2801 499 2859 4.
521 2798 708 2858 scholasticis
731 2797 773 2874 (v.
791 2796 928 2872 25-34)

470 2902 499 2960 5.
522 2900 734 2976 exceptoribus
757 2898 797 2975 (v.
814 2896 955 2973 34-46)

471 3002 498 3060 6.
522 3001 671 3060 libellensi
695 3001 737 3076 (v.
753 3000 892 3077 46-48)

470 3103 497 3161 i.
521 3103 644 3162 officiali
666 3105 821 3162 executori
844 3102 886 3178 (r.
901 3100 1049 3176 48-51).

357 3233 408 3291 Ex
429 3231 476 3290 his
500 3231 549 3308 qui
573 3231 720 3306 singulari
741 3249 866 3289 numero
888 3229 1051 3288 efferuntur
1073 3227 1215 3287 officiales
1240 3237 1320 3302 sunt,
1343 3250 1407 3291 non
1430 3231 1562 3290 officiales
1578 3243 1616 3284 tan

318 3335 503 3408 scholastici,
525 3334 556 3391 id
578 3343 626 3392 est
648 3332 833 3408 advocarit),
856 3350 944 3408 quam
967 3341 1153 3406 exceptores.
1199 3332 1349 3392 Advocati
1372 3335 1455 3392 enim
1478 3354 1514 3391 ex
1532 3331 1616 3409 publico

317 3435 459 3494 salarium
487 3435 549 3505 vel,
583 3441 614 3492 ut
640 3435 729 3494 huius
756 3435 863 3493 aetatis
890 3434 1031 3511 loquendi
1058 3451 1144 3493 usum
1178 3452 1354 3509 sequamur,
1392 3455 1535 3495 annonam
1562 3431 1617 3488 nollo

228 3595 231 3602 ,
317 3545 451 3614 tempore
474 3537 669 3614 accipiebant,
693 3555 746 3594 uec
768 3539 864 3613 magis
887 3537 944 3594 hac
966 3536 1085 3613 quidem
1108 3546 1204 3594 aetate
1221 3537 1412 3612 accipiebant
1428 3531 1617 3612 exceptores‘l;

377 3739 400 3801 ¹)
420 3741 585 3792 Athalaricus
606 3744 675 3808 apud
695 3741 1063 3805 Cassiodoriumrar.9,14:
1089 3743 1113 3792 si
1130 3749 1215 3793 vestra
1237 3745 1389 3794 conveniunt
1413 3743 1511 3795 decreta
1527 3743 1617 3810 potera

319 3840 412 3884 tuntum
431 3833 552 3884 commodi
565 3835 696 3902 percipiat
713 3841 841 3895 executor,
866 3841 982 3900 quautam
1000 3835 1128 3901 gloriosus
1147 3834 1250 3886 mmuus
1269 3851 1333 3886 cous
1351 3845 1440 3887 nomer·
1454 3853 1503 3904 pro
1520 3829 1619 3884 macuto

313 3941 480 3991 personarum
499 3923 586 3978 debere
606 3928 706 3977 aciones
724 3928 839 3995 accipere
862 3942 982 3993 cupressu
1005 3928 1144 3992 quantitate
1167 3929 1310 3978 corrutituit:
1340 3928 1492 3980 commodum
1513 3929 1565 3978 cuia
1587 3935 1619 3970 cet

319 4015 461 4067 debetcum
479 4017 560 4068 modo.
600 4019 779 4085 sportularum
799 4019 952 4070 vocabulum
971 4027 1029 4084 post
1047 4020 1142 4071 Iuliani
1162 4027 1279 4085 tempora
1298 4022 1404 4072 demum
1423 4023 1460 4072 ita
1479 4013 1618 4086 coeptanti·

319 4109 393 4160 dettu
412 4125 465 4161 esse
479 4112 605 4176 usurpari.

376 4241 401 4306 9>
422 4195 493 4294 cited
516 4244 549 4303 tlt
574 4243 667 4295 liminis
693 4246 775 4295 codex
800 4247 940 4296 secundum
965 4245 1125 4310 Kruegerum
1154 4243 1192 4310 (in
1217 4247 1281 4298 actis
1306 4248 1449 4298 maioribus
1475 4246 1539 4298 acad
1560 4237 1618 4293 Beni

319 4349 342 4384 a.
359 4336 428 4385 1879
448 4351 473 4399 p.
489 4337 549 4400 20);
577 4337 692 4402 supplevi
712 4339 750 4386 ita
767 4345 796 4386 ut
814 4338 971 4403 significetur
994 4339 1113 4402 princeps
1137 4353 1153 4388 a
1177 4339 1307 4404 litigatore
1332 4347 1440 4405 propter
1463 4329 1617 4404 ingrammi

319 4427 463 4490 praesidem
483 4429 610 4492 sportulas
630 4429 742 4492 exigens.
781 4430 845 4479 Mox
866 4436 966 4495 etpost
985 4428 1160 4480 distrahuntur
1180 4432 1280 4482 sustuli.

377 4515 401 4580 ³)
422 4519 711 4586 Bethmann-Hollweg
733 4517 901 4588 Cicilprocess
921 4522 937 4572 3
957 4538 983 4586 p.
1000 4523 1060 4572 162.

377 4608 401 4671 ⁴)
422 4611 451 4661 C.
466 4611 515 4661 Th.
531 4611 556 4674 8,
571 4611 595 4674 7,
612 4612 644 4661 17
666 4614 728 4662 anni
743 4613 811 4664 385:
830 4609 985 4680 Exceptorec
1004 4629 1086 4664 ornnes
1104 4613 1231 4665 iudicibus
1250 4613 1410 4683 obsequentes
1429 4617 1474 4682 qui
1485 4629 1525 4664 uec
1537 4607 1616 4660 nititur

319 4703 440 4764 sustinent
459 4719 536 4770 neque
555 4720 572 4752 a
584 4703 649 4766 fisco
670 4703 739 4754 ullas
758 4713 940 4772 coctaequuutur
958 4723 1072 4756 canonas
1091 4723 1241 4758 ...uacare
1260 4709 1355 4776 coeptis
1374 4724 1475 4775 operum
1493 4703 1576 4756 actuari
1592 4695 1616 4742 ir·

320 4795 436 4844 curiones
454 4795 504 4844 siut
522 4795 620 4846 minime
634 4794 803 4863 probibemus.
842 4797 907 4847 Mox
927 4799 1105 4850 condicionem
1129 4807 1261 4851 mutarunt
1280 4801 1422 4851 enumerati
1442 4801 1492 4850 iam
1510 4801 1534 4848 iu
1547 4789 1615 4846 Nutiit

319 4885 484 4951 Dignitatem
503 4887 570 4937 inter
589 4887 721 4938 officiales.
759 4889 873 4938 iterem
892 4890 1005 4953 explicat
1021 4891 1312 4958 Bethmann·Hollweg
1335 4891 1501 4960 Ciuilprroccas
1519 4889 1532 4938 3
1548 4881 1615 4951 plil

319 4979 429 5028 fortasse
448 4987 524 5030 recte.
557 4981 707 5030 Videndum
726 4989 825 5044 tamen,
845 4994 932 5031 annon
952 4983 979 5032 in
999 4984 1100 5034 iudiciis
1120 4984 1171 5033 duo
1190 4985 1287 5036 suerint
1304 5001 1398 5050 genera
1417 4991 1576 5048 exceptorum
1594 4969 1616 5019 ¹¹·

321 5077 403 5121 terum
424 5077 576 5137 occupatum
594 5074 622 5122 in
642 5074 705 5124 actis
724 5073 832 5138 publicis
850 5081 876 5124 et
894 5073 1034 5125 admissum
1054 5076 1087 5126 ad
1107 5091 1233 5138 annonas,
1253 5079 1362 5128 alterum
1381 5078 1450 5142 qnod
1464 5073 1615 5140 pauonum*

322 5178 410 5213 eorum
429 5163 555 5216 intererat
573 5165 668 5216 habere
686 5182 719 5216 ex
739 5167 803 5217 actis
823 5167 997 5231 suppeditaret
1016 5168 1133 5220 mercede
1152 5175 1271 5234 accepta;
1290 5171 1313 5220 si
1332 5171 1370 5222 ita
1386 5175 1449 5230 erat,
1467 5168 1513 5217 troo
1526 5155 1614 5212 lurotu

322 5254 489 5320 intellegitur.
