3544 5932
125 623 156 673 rs
697 620 904 672 sserrrvs.
1422 599 1466 670 13

125 793 222 871 legato
238 793 384 854 Galatiae
407 795 581 854 constitutis
603 795 671 854 inde
693 795 800 873 opinor
819 794 1040 872 explicandum,
1062 795 1152 870 quod,
1175 805 1208 852 ut
1221 795 1264 852 ait
1277 791 1383 852 Livius
1402 789 1468 868 (38,

129 896 189 972 17),
211 900 337 955 omnium
359 916 436 973 qaas
458 897 562 955 Asiam
583 896 679 956 colant
698 902 822 974 peritiam
844 896 925 956 Galli
939 899 1025 973 sama
1047 897 1115 954 belli
1131 907 1290 973 praestant,
1314 903 1344 954 ct
1365 914 1467 972 qnam-

128 1017 213 1074 quam
234 1003 364 1074 peruias
379 1001 492 1074 feritas
515 1017 609 1058 eoram
629 999 763 1060 Asiatico
783 1003 950 1060 amoenitate
970 1000 1081 1056 mollita
1103 1009 1143 1058 eat
1165 998 1270 1074 (rerba
1291 1005 1362 1056 sunt
1382 996 1469 1056 Flori

132 1099 218 1172 1,77
239 1099 288 1176 [2‚
313 1099 399 1176 11]),
431 1101 512 1159 bella
538 1101 743 1161 Romanorum
770 1102 871 1161 civilia
896 1109 926 1161 et
951 1101 1020 1177 ipsa
1046 1100 1126 1178 legio
1159 1099 1357 1158 Deiotariana
1387 1098 1468 1157 clare

129 1202 298 1274 ostendunt,
321 1213 508 1279 quantopere
530 1203 578 1262 vel
595 1201 786 1282 Gallograeci
808 1204 873 1263 eius
895 1205 1003 1262 aetatis
1023 1203 1054 1261 in
1070 1201 1148 1261 bello
1165 1201 1368 1278 praestiterint
1383 1199 1468 1277 Syris

130 1314 158 1362 et
176 1305 314 1364 Asianis.
360 1305 468 1380 Itaque
490 1323 557 1364 eum
579 1305 642 1364 lere
663 1306 761 1364 locum
785 1303 913 1366 Galatae
934 1311 1036 1364 tenent
1060 1305 1091 1363 in
1114 1305 1247 1362 exercitu
1268 1303 1466 1380 Aegyptiam,

133 1425 218 1482 quem
239 1405 271 1465 in
295 1405 469 1467 Occidentis
492 1407 588 1483 copiis
611 1408 726 1466 auxilia
747 1408 779 1466 in
801 1407 955 1485 provincia
976 1405 1101 1484 Belgica
1123 1407 1302 1482 conscripta.

169 1509 297 1568 Praeter
312 1506 442 1568 Galatas
464 1510 495 1567 in
518 1509 683 1585 legionibus
700 1510 895 1588 Aegyptiacis
915 1517 1002 1568 natos
1025 1509 1056 1567 in
1071 1511 1211 1584 Aegypto
1230 1508 1366 1587 homines
1387 1527 1466 1566 com·

129 1611 229 1688 plures
253 1611 405 1670 meruisse
427 1621 460 1669 ut
481 1611 579 1689 ipsum
602 1612 805 1688 explicatione
827 1631 886 1671 non
910 1611 1031 1688 indiget,
1053 1611 1096 1668 ita
1117 1610 1154 1668 ad
1177 1610 1382 1669 condicionem
1401 1610 1465 1667 eius

129 1713 298 1790 provinciae
313 1712 524 1772 illustrandam
540 1714 652 1790 aliquid
666 1715 790 1774 confert.
817 1713 897 1773 Nam
912 1713 1032 1772 aliunde
1046 1721 1163 1771 constat
1173 1711 1267 1770 fuisse
1282 1713 1311 1770 in
1325 1713 1465 1788 Aegypto

130 1834 190 1873 cum
212 1825 305 1874 antea
327 1823 389 1874 tum
412 1816 468 1874 sub
491 1816 721 1892 imperatoribus
736 1817 881 1875 Romanis
903 1815 962 1874 duo
984 1831 1095 1892 genera
1107 1815 1322 1892 'indigenarum
1344 1815 1407 1872 iure
1422 1814 1465 1872 di-

131 1935 227 1990 versa,
254 1919 340 1976 cives
361 1917 527 1976 civitatium
551 1916 734 1978 Graecarum
757 1928 786 1978 et
807 1917 944 1976 homines
967 1916 1133 1994 Aegyptios
1157 1916 1254 1975 nomis
1280 1915 1465 1992 adscript0s3

134 2018 306 2078 decivitate
327 2019 467 2078 Romana
488 2020 586 2078 danda
601 2022 770 2098 Augustum
793 2019 995 2091 constituisse,
1018 2027 1051 2076 ut
1072 2018 1102 2076 hi
1124 2018 1163 2076 ad
1185 2036 1250 2076 eam
1273 2017 1356 2076 nullo
1378 2027 1466 2094 pacto

139 2117 410 2197 admitterentur¹),
436 2121 480 2179 illi
502 2122 545 2180 ita
565 2122 808 2194 admitterentur,
836 2131 868 2180 ut
889 2121 964 2199 ipsis
987 2121 1176 2196 posterisque
1197 2119 1295 2178 etius
1318 2119 1465 2178 honorum

140 2221 244 2282 deesset
268 2231 299 2282 et
320 2223 365 2281 ita
379 2243 398 2281 a
413 2233 517 2282 senatu
533 2233 712 2284 arcerentur.
724 2223 755 2300 ²)
785 2224 860 2282 Eam
876 2223 1092 2282 ordinationem
1109 2221 1286 2280 confirmant
1300 2221 1466 2280 illustrant-

135 2342 186 2400 que
205 2325 286 2384 tituli
308 2325 542 2402 legionariorum
568 2328 719 2386 exercitus
741 2325 936 2404 Aegyptiaci,
963 2325 1147 2402 Aegyptium
1173 2323 1323 2383 hominem
1351 2323 1464 2382 nullum

131 2427 332 2499 nominantes,
355 2427 410 2487 sed
432 2447 471 2487 ex
493 2429 662 2488 ciuitatibus
686 2427 812 2489 Graecis
835 2429 930 2487 tribus
951 2425 1204 2502 Alexandrea³),
1227 2425 1463 2501 Ptolemaide4),

129 2527 308 2589 Paraetonio
318 2525 349 2605 ⁵)
377 2530 492 2607 aliquot
518 2531 556 2590 ad
581 2531 733 2592 ciuitatem
760 2530 926 2590 Romanam
955 2539 1078 2608 propter
1111 2529 1245 2588 militiam
1273 2527 1387 2587 scilicet
1414 2527 1464 2586 ad-

184 2713 208 2776 ¹)
227 2715 361 2782 Iosephus
381 2720 613 2785 eontraApionem
633 2721 657 2781 1,
677 2719 708 2771 t:
729 2705 814 2788 pison
826 2712 974 2786 Alpinius:
994 2715 1018 2767 ol
1037 2705 1117 2786 ripuar
1136 2712 1175 2766 νῦν
1186 2706 1305 2783 Ῥωμαῖοι
1322 2712 1365 2780 τῆς
1384 2713 1463 2765 alara

132 2801 197 2870 μίνης
215 2798 424 2879 μεταλαμβᾶνιιν
442 2801 588 2874 ἡστινοσοῦν
607 2805 737 2869 πολιτείας
755 2799 924 2878 incipissem.
964 2829 986 2861 e.
1001 2811 1031 2862 6:
1054 2810 1188 2877 Acpyptiis
1205 2824 1281 2876 oeque
1298 2824 1384 2875 repam
1397 2809 1463 2874 quis-

132 2914 197 2964 prma
214 2898 319 2951 videar
336 2903 377 2952 ius
396 2904 508 2954 civitatis
519 2904 604 2970 fidisse
624 2904 733 2972 turpiter
752 2919 829 2970 neque
848 2919 911 2953 nuno
931 2901 1034 2970 quilibet
1051 2903 1235 2970 imperatorum.
1280 2900 1382 2952 Plinius
1406 2916 1464 2950 cum

130 2992 277 3044 aTraiano
297 2993 349 3059 (ep.
364 2995 391 3058 5)
411 2997 541 3061 Aegyptio
565 2997 665 3047 homini
684 2995 839 3061 Harpocrati
858 2995 951 3045 liberto
971 2993 1138 3046 Thermuthis
1158 2993 1274 3044 Theonis
1298 2987 1373 3060 repsi
1392 2991 1463 3058 Μιμ-

131 3076 199 3148 pirso
219 3084 271 3151 (ep.
287 3085 332 3147 10)
359 3087 490 3138 civitatem
512 3087 657 3139 Romanam
681 3089 858 3154 impetrasset,
881 3087 975 3138 deinde
1000 3085 1050 3152 (ap.
1066 3085 1092 3148 6)
1117 3085 1259 3137 odmomtus
1281 3101 1345 3144 ιιινιι,
1371 3084 1420 3146 ait,
1446 3101 1463 3132 a

129 3175 288 3237 peritioribus
307 3176 421 3230 mttere
439 3196 476 3230 me
494 3187 551 3230 arm
563 3179 765 3231 Alexandrinam
777 3179 902 3231 ciuitatem
915 3180 1057 3247 impetrare,
1078 3177 1167 3230 deinde
1180 3177 1325 3240 Romanam,
1346 3176 1462 3244 quoniam

131 3268 360 3337 essetrlepyptiaas
379 3287 424 3339 epo
439 3279 526 3336 uatem,
547 3273 609 3340 qaia
627 3273 692 3324 inter
704 3271 845 3340 Aepyptios
863 3279 1004 3338 ceterosque
1022 3272 1170 3339 pereprinos
1188 3269 1254 3320 rriltil
1271 3271 1390 3320 interesse
1408 3283 1461 3318 cre·

131 3357 224 3422 debeas,
251 3369 381 3413 contemne
395 3363 500 3428 fueram
523 3363 570 3416 ltoc
593 3364 672 3415 solum
697 3363 805 3416 seribere
830 3363 877 3415 tili
900 3380 953 3416 aum
972 3363 1068 3415 scilicet
1090 3381 1107 3414 a
1120 3363 1261 3430 perepriao
1279 3362 1460 3412 manumissum.

130 3450 266 3504 Pristinam
285 3455 448 3506 severitatem
467 3471 484 3506 a
500 3457 614 3522 Iosepho
634 3463 752 3508 testatam
770 3458 832 3508 laxa
850 3457 999 3522 posterioris
1023 3457 1114 3507 aetatis
1138 3455 1301 3520 indulgentia
1324 3455 1460 3504 infractam

130 3547 206 3610 magia
218 3561 275 3597 esse
290 3562 367 3613 quam
381 3555 505 3599 mutatam
518 3549 603 3614 ipsum
621 3565 772 3614 responsum
787 3550 895 3600 Traiani
915 3549 966 3614 (ep.
979 3551 993 3598 7
1009 3548 1041 3598 el.
1055 3544 1100 3613 10)
1120 3561 1173 3598 non
1192 3546 1300 3597 obscure
1319 3547 1459 3610 significat:

130 3637 251 3689 arcaea
269 3638 472 3691 Alexandriam
490 3640 621 3693 οοοιιιιιίινννι
639 3642 818 3692 institutiones
834 3641 977 3709 principum
996 3657 1045 3692 non
1064 3647 1151 3690 temere
1170 3637 1233 3688 clare
1251 3639 1378 3706 proposui
1383 3656 1391 3686 .-
1416 3635 1462 3686 aed

131 3744 179 3779 οοιιι
191 3727 355 3799 Harpocrati
371 3734 494 3784 ...dnm
513 3735 638 3785 civitatem
657 3733 794 3785 Romanum
813 3734 996 3803 impetraveris,
1017 3731 1075 3784 laic
1094 3747 1189 3799 quoque
1205 3731 1324 3798 petitioni
1342 3736 1399 3780 taos
1418 3745 1459 3780 rse-

130 3837 188 3886 purc
206 3840 257 3874 nort
276 3825 394 3876 suranco.

183 3913 209 3982 ²)
227 3917 283 3967 Dio
297 3917 340 3979 51,
359 3917 401 3969 17.
432 3919 493 3970 Non
512 3919 594 3986 magis
612 3918 653 3970 his
671 3920 832 3986 posterisque
851 3935 941 3970 eorum
960 3917 1045 3970 lorum
1065 3918 1121 3968 dari
1139 3917 1253 3983 potuisse
1271 3917 1338 3965 iuter
1351 3915 1459 3966 selectos

129 4001 221 4059 ludices
240 4009 352 4059 efficitur
370 4025 402 4060 ex
422 4026 496 4061 versu
510 4012 602 4078 parieti
616 4013 776 4077 Pompeiano
795 4011 918 4077 inscripto
939 4011 1113 4062 c.1v1943:
1133 4027 1182 4060 aon
1202 4017 1239 4081 eat
1257 4025 1287 4058 ec
1307 4005 1364 4058 albo
1383 4005 1460 4056 ludes

128 4107 198 4164 patre
212 4101 353 4168 Aeppptio,·
373 4103 531 4168 Aegyptium
551 4105 620 4154 enim
639 4111 715 4170 poeta
733 4105 788 4154 sine
807 4105 885 4156 dnbio
900 4104 1028 4168 significat
1040 4104 1121 4154 civem
1136 4103 1264 4154 Graecum
1280 4117 1313 4150 ex
1326 4101 1457 4164 Aegypto.

129 4191 200 4243 Unde
219 4193 358 4244 verisimile
377 4195 469 4246 iisdem
487 4211 541 4246 nou
560 4197 644 4262 magis
660 4212 752 4263 equum
766 4196 898 4262 publicum
911 4195 968 4245 dari
981 4196 1083 4246 licuisse
1097 4211 1174 4261 quam
1187 4195 1299 4244 honores
1314 4192 1458 4243 senatorios

128 4291 308 4350 et'proptsr'ea
326 4287 404 4337 etiam
423 4289 581 4353 equestribus
601 4288 743 4339 honoribus
762 4305 807 4340 eos
826 4289 946 4340 caruisse.

181 4374 207 4438 ²)
227 4379 402 4430 Alexandrini
422 4381 470 4430 etsi
490 4366 586 4443 pratris
604 4381 700 4431 nullam
720 4380 849 4431 habebant
868 4387 927 4431 ante
941 4381 1074 4443 Severum,
1094 4395 1121 4430 re
1140 4379 1243 4445 publica
1256 4385 1392 4443 propterea
1404 4392 1457 4428 non

125 4469 206 4534 magis
225 4470 348 4521 carebant
365 4485 443 4536 quam
461 4473 669 4524 Mediolanenses
688 4479 714 4523 et
731 4473 902 4524 Ravennates.

178 4559 205 4624 ⁴)
225 4561 320 4614 Strabo
341 4563 475 4626 17,1,42
495 4580 520 4630 p.
536 4565 604 4616 813:
625 4553 789 4632 Πτολιμιιική
807 4552 883 4622 elta
902 4598 909 4613 .
925 4597 931 4612 .
947 4597 954 4612 .
970 4558 1072 4636 ἶχονοιι
1089 4560 1130 4614 ael
1150 4551 1266 4630 riorqpu
1283 4551 1413 4614 actissuis
1433 4559 1457 4611 ἦν

122 4651 156 4718 τᾷ
171 4643 316 4718 Ἑλληνικῷ
332 4651 423 4724 τρόπον.
463 4657 616 4723 Marquardt
633 4655 879 4723 Staotsoerauultaap
900 4660 913 4707 1
935 4673 960 4722 p.
974 4657 1037 4707 451.
1081 4657 1230 4707 Laterculua
1249 4657 1360 4706 militum
1379 4656 1456 4706 Lam-

124 4746 270 4798 haesitanda
288 4749 343 4798 sine
362 4748 441 4798 dubio
460 4748 571 4814 legionis
588 4749 631 4800 111
645 4751 789 4814 Augustae,
811 4748 894 4799 editus
913 4763 995 4814 nuper
1014 4750 1041 4799 in
1059 4749 1111 4799 rol.
1124 4750 1207 4799 XXII
1226 4747 1320 4810 (taes)
1340 4753 1455 4796 actorum

124 4840 250 4890 societatis
270 4839 500 4892 eonsnnttnmnse
522 4857 548 4907 p.
563 4843 629 4904 378,
656 4855 732 4908 quem
755 4841 817 4892 item
842 4842 977 4906 descripsit
1001 4851 1027 4892 et
1051 4857 1150 4892 mecum
1175 4839 1374 4892 communicavit
1396 4837 1455 4887 Iob.

125 4930 249 4995 Schmidt,
270 4932 414 4998 complures
432 4933 527 4984 milites
546 4941 662 4985 recenset
680 4933 813 4996 oriundos,
833 4941 862 4984 ut
879 4934 916 4983 ibi
935 4933 1064 4996 scribitur,
1088 4931 1246 4984 Tolomoiclu.

179 5022 204 5086 ὅ)
223 5024 320 5076 Strabo
340 5024 423 5088 17,1,
440 5027 474 5076 14
493 5042 519 5092 p.
531 5025 593 5077 365.
624 5014 792 5094 nuperrimos
813 5013 957 5083 ...scilic
976 5021 1001 5072 δ’
1024 5022 1078 5074 leel
1096 5017 1138 5074 ael
1157 5011 1241 5094 lepris.
1281 5023 1312 5072 In
1331 5021 1455 5070 laterculo

125 5115 321 5168 Lambaesitano
344 5117 423 5168 modo
447 5118 525 5169 citato
549 5119 611 5169 item
636 5119 710 5168 miles
734 5119 865 5170 iuvenitur
890 5119 960 5168 domi
985 5115 1170 5180 Parelllonio).
1215 5113 1392 5165 Conterendus
1416 5103 1456 5161 'est

126 5207 209 5259 titulus
234 5219 279 5260 aut
297 5209 461 5261 Dalmaticae
485 5217 530 5261 aut
552 5211 664 5262 urbanus
684 5211 733 5262 rol.
747 5211 791 5262 111
810 5228 836 5262 n.
851 5211 936 5262 ³165:
971 5209 999 5262 T.
1024 5208 1119 5260 Titinio
1143 5206 1244 5258 Iuliano
1270 5202 1454 5271 pplleruatorr)
1565 5201 1568 5208 ’

125 5295 187 5350 ΙΙΙΙ
203 5298 340 5365 Parthina)
359 5301 481 5368 radiare)
501 5301 664 5354 Paraetonio.
