3444 5932
435 611 737 666 ossanvarrorvns
759 612 1043 666 serenissiman.
1335 587 1405 662 153

100 711 264 724 *—

92 786 179 863 itaque
202 791 358 846 versantur
383 785 415 845 in
438 787 476 844 iis
501 787 563 846 lere
589 786 699 846 milites
722 785 846 846 militiae
864 787 996 846 urbanae
1015 792 1046 843 et
1066 786 1196 844 omnium
1213 785 1343 844 maxima
1368 803 1407 844 ex

91 889 233 965 praetorio.
255 885 343 960 Quae
358 895 456 946 autem
473 907 565 967 snpra
579 889 774 966 exposuimus
790 888 827 946 de
842 888 950 947 officiis
963 907 1017 964 par
1029 896 1170 946 evocatos
1182 887 1406 957 administratis,

91 1009 181 1050 eorum
198 989 340 1067 pleraque
363 991 406 1047 ita
426 999 599 1066 comparata
614 1000 690 1064 sunt,
713 999 819 1049 utnon
835 1001 895 1048 ιιιιιι
911 989 1032 1066 proprie
1047 998 1236 1048 evocatorum
1251 990 1408 1049 videantur

90 1112 166 1168 quam
185 1092 353 1151 communia
372 1091 496 1150 militiae
519 1093 648 1151 urbanus
671 1093 836 1150 universae.
859 1093 987 1169 Egregie
1001 1089 1183 1150 Schmidtius
1200 1091 1408 1150 animadvertit

91 1194 127 1269 (p.
141 1192 209 1268 341)
230 1201 387 1251 evocatum
411 1193 557 1270 quendam
579 1192 629 1268 (0.
645 1194 699 1265 Vl,
715 1192 810 1268 2454)
832 1194 862 1250 in
878 1193 976 1270 caliga
990 1193 1142 1251 etiamtum
1158 1194 1331 1252 libratorem
1348 1211 1408 1251 me·

90 1296 183 1366 ruisse,
205 1305 238 1353 ut
258 1295 289 1352 in
311 1296 369 1353 boc
391 1295 545 1354 evidenter
566 1295 699 1355 oslicIum
718 1281 777 1354 non
797 1295 835 1354 ab
855 1295 1029 1354 evocatione
1043 1297 1183 1372 coeperit,
1207 1294 1258 1354 sed
1273 1314 1325 1371 per
1340 1312 1407 1354 evo-

90 1398 217 1456 cationem
239 1395 400 1471 stipendiis
422 1397 555 1473 expletis
578 1398 782 1456 continuatum
803 1399 851 1457 sit
890 1394 1035 1457 Similiter
1048 1405 1189 1456 evocatus
1204 1397 1256 1454 ille
1271 1396 1317 1453 vir
1331 1396 1407 1453 mili·

90 1499 149 1557 taria
168 1497 357 1574 disciplinae,
379 1498 467 1557 cuius
491 1500 672 1575 gramaticus
693 1507 796 1558 auctor
815 1499 958 1567 meminit,
980 1507 1072 1556 artem
1089 1515 1174 1556 suam
1190 1515 1248 1556 non
1265 1505 1407 1556 evocatus

92 1599 191 1671 didicit,
217 1599 272 1658 sed
296 1619 350 1676 per
371 1600 529 1659 militarem
552 1600 742 1678 disciplinam
765 1601 890 1658 adeam
913 1600 1066 1658 institutus
1087 1601 1118 1657 in
1140 1599 1246 1660 eodem
1267 1601 1334 1658 loco
1357 1600 1409 1658 sti-

92 1701 190 1777 pendiis
211 1701 346 1760 emeritis
367 1702 541 1778 permansit.
577 1701 618 1760 Et
638 1711 672 1760 ut
686 1721 745 1760 uno
761 1701 852 1760 verbo
868 1719 928 1759 rem
945 1701 1136 1778 complectar,
1152 1703 1227 1760 baec
1241 1701 1313 1760 mibi
1328 1701 1407 1758 vide·

92 1812 129 1861 tur
141 1821 224 1863 causa
246 1821 318 1862 esse
339 1804 467 1862 instituti
493 1813 682 1862 evocatorum
698 1805 838 1880 Augusti,
861 1813 894 1862 ιιι
912 1804 961 1879 qni
984 1822 1038 1880 per
1056 1803 1193 1862 militiam
1210 1804 1354 1862 urbanam
1370 1802 1407 1860 ad

92 1923 170 1962 rernm
194 1905 386 1981 publicarum
411 1915 512 1980 partes
534 1925 587 1982 per
611 1905 754 1964 militares
781 1907 861 1962 viros
887 1913 948 1962 tum
971 1905 1161 1980 potissimum
1184 1905 1407 1963 administratas

94 2005 198 2065 imtitnti
220 2017 256 2066 et
276 2006 397 2064 formati
420 2016 534 2076 essent,
561 2007 607 2064 vel
630 2016 700 2083 post
726 2007 876 2083 stipendia
896 2007 1018 2081 expleta
1043 2007 1074 2063 in
1096 2005 1199 2064 cadem
1223 2005 1407 2078 condicione,

97 2107 144 2166 loco
161 2117 262 2166 tamen
286 2115 319 2164 ιιι
340 2127 394 2184 par
408 2114 473 2165 erat
493 2109 693 2180 honoratiore,
716 2117 803 2167 aucto
819 2125 937 2184 quoque
952 2107 1063 2165 salario
1079 2115 1109 2165 et
1123 2107 1292 2184 insignibus
1308 2117 1408 2166 centu-

100 2209 192 2268 rionicis
215 2209 357 2268 exornati
382 2209 588 2267 retinerentur.
632 2209 714 2267 Inter
736 2209 893 2286 privilegia
920 2208 1043 2267 militiae
1064 2210 1197 2268 urbanae
1224 2217 1253 2267 et
1279 2209 1408 2268 maxime

98 2311 333 2384 praetorianorum
356 2309 439 2385 (nam
455 2311 493 2368 ad
507 2310 624 2386 reliqua
638 2329 748 2388 genera
762 2313 965 2370 evocationem
986 2310 1049 2368 inre
1064 2311 1159 2387 magis
1173 2311 1302 2370 vidimus
1318 2329 1408 2385 quam

95 2431 118 2470 rc
134 2411 325 2486 pertinuisse)
348 2412 406 2470 boc
427 2411 491 2470 sine
512 2410 602 2470 dubio
625 2431 684 2469 non
706 2412 844 2470 ultimum
866 2415 936 2486 luit3
959 2435 1027 2474 nam
1050 2417 1081 2474 in
1103 2413 1221 2489 legione
1243 2418 1293 2489 qui
1316 2431 1408 2470 mere·

94 2513 133 2571 bat
150 2515 192 2574 vel
215 2515 246 2571 in
268 2512 393 2570 auxiliis
416 2530 510 2588 neque
532 2514 571 2571 ad
593 2513 680 2572 vitem
703 2524 894 2589 pervenerat,
923 2517 1079 2593 stipendiis
1102 2515 1243 2592 expletis,
1266 2521 1408 2591 quantum

95 2623 214 2692 apparet,
241 2633 309 2673 cnm
332 2614 422 2672 vellet
449 2615 585 2673 militiam
606 2615 780 2674 continuare
806 2635 865 2675 non
893 2629 1024 2694 poterat,
1052 2619 1105 2677 sed
1131 2617 1271 2693 praemiis
1294 2623 1407 2673 vetera·

94 2737 181 2775 norum
207 2723 365 2774 contentus
393 2733 460 2774 esse
488 2715 603 2787 debuit3
631 2717 763 2774 veterani
791 2719 993 2778 condicionem
1019 2729 1053 2777 nt
1079 2719 1270 2795 aliquatenus
1298 2717 1407 2776 evitare

93 2827 214 2892 possem,
242 2817 317 2876 solis
340 2817 539 2892 praetorianis
561 2835 737 2876 concessum
761 2818 853 2894 est1).
903 2818 1149 2880 centurionatum
1172 2838 1224 2878 eos
1246 2819 1309 2878 lere
1331 2819 1408 2876 eius·

93 2919 159 2979 nodi
182 2918 350 2978 condicioni
374 2916 592 2994 praetulisset)
630 2937 685 2976 nec
714 2939 784 2978 raro
811 2921 899 2979 etiam
932 2931 1001 2996 post
1032 2941 1128 2998 pauca
1159 2921 1309 2999 stipendia
1340 2937 1408 2977 ero-

93 3023 175 3080 cativa
203 3021 295 3080 vitem
328 3019 494 3078 obtinuisse
532 3031 724 3080 monumenta
763 3017 965 3098 testantur³);
1009 3023 1063 3082 sed
1098 3041 1157 3081 non
1194 3023 1302 3082 desunt
1338 3039 1407 3078 evo-

94 3123 140 3180 cati
159 3123 207 3199 qni
234 3122 420 3199 permultos
447 3139 556 3192 annos,
584 3132 658 3196 quot
684 3124 715 3180 in
737 3141 808 3181 vera
836 3125 942 3182 militia
964 3126 1015 3183 vix
1043 3144 1181 3202 umquam
1208 3123 1408 3192 offenduntur,

93 3223 118 3280 in
135 3224 302 3282 evocatione
324 3223 600 3299 permanserunt⁴).
654 3222 833 3300 Legitimum
858 3226 945 3284 tinem
968 3237 1001 3284 ut
1022 3227 1130 3285 militia
1151 3227 1251 3298 habet,
1284 3225 1328 3282 ita
1349 3242 1408 3282 non

93 3324 169 3386 babet
191 3325 342 3394 evocati03
371 3324 485 3382 scilicet
509 3323 560 3399 qui
586 3343 651 3382 cum
679 3326 777 3401 possit
802 3327 895 3398 mitti,
925 3328 1067 3386 invitatus
1094 3338 1201 3404 sponte
1227 3346 1283 3385 sua
1310 3343 1406 3384 rema-

93 3435 146 3501 net,
175 3447 233 3487 non
260 3425 299 3483 ad
325 3433 439 3483 certum
473 3425 603 3500 aliquem
635 3443 787 3484 numerum
820 3446 965 3486 annorum
999 3447 1031 3486 se
1058 3429 1172 3504 obligat
1204 3428 1297 3504 (certe
1330 3427 1408 3485 eius·

93 3527 161 3586 modi
180 3528 303 3588 militiae
324 3523 403 3602 apud
425 3525 577 3586 Romanos
600 3527 713 3585 nullum
736 3527 875 3588 indicium
897 3530 1073 3606 reperitur),
1103 3530 1155 3588 sed
1177 3530 1207 3587 ln
1231 3539 1406 3604 perpetuum

143 3796 164 3860 ¹)
179 3800 282 3850 Vexilla
302 3807 480 3851 veteranorum
500 3802 595 3851 milites
614 3803 835 3868 comprehendunt
856 3804 976 3854 dimissos
998 3811 1025 3853 st
1040 3803 1157 3868 praemia
1170 3808 1343 3867 expectantes,
1363 3816 1408 3852 ue-

95 3903 136 3950 qne
151 3891 199 3940 ullo
217 3892 296 3942 modo
315 3907 373 3942 cum
393 3893 505 3943 evocatis
524 3900 593 3943 recte
612 3897 756 3958 comparari
775 3902 912 3960 poterunt;
932 3910 992 3946 nam
1013 3897 1128 3946 evocatio
1142 3901 1181 3945 est
1193 3895 1323 3944 missionis
1336 3909 1408 3945 recu·

95 3981 149 4030 satio
166 3989 190 4032 et
207 3985 366 4034 continuatio
385 3984 571 4048 stipendiorum
590 3988 676 4050 itaque
696 3993 816 4038 evocatus
836 3989 991 4038 contrarium
1010 3988 1133 4037 veterani.

143 4069 165 4133 ²)
182 4074 236 4124 Hoc
254 4089 358 4140 quoque
377 4077 432 4125 sine
450 4077 529 4125 dubio
548 4091 624 4142 saepe
653 4077 758 4138 accidit,
788 4085 817 4128 ut
839 4080 882 4143 qui
907 4080 933 4128 in
957 4080 1088 4143 praetorio
1111 4079 1226 4129 merebat
1248 4085 1274 4127 et
1296 4079 1408 4128 instante

96 4162 201 4214 musione
219 4182 272 4216 non
291 4167 325 4218 ad
346 4167 464 4216 ordinem
483 4168 586 4232 quidem
606 4176 764 4233 pervenerat,
784 4171 829 4219 sod
848 4171 881 4220 ab
900 4170 999 4220 ordinis
1018 4185 1063 4236 ape
1082 4186 1162 4236 propo
1182 4171 1282 4232 aberat,
1304 4169 1407 4220 iuterim

96 4263 198 4307 evocatus
214 4259 296 4320 fleret,
316 4259 400 4308 donec
418 4257 490 4308 locus
510 4261 533 4308 ei
552 4260 626 4310 fleret
644 4261 703 4310 vitis
718 4261 902 4326 impetrandae.
934 4262 1011 4312 Militi
1024 4263 1175 4327 legionario,
1197 4268 1318 4327 quantum
1333 4260 1407 4310 nobis

98 4345 150 4396 scire
166 4347 247 4400 datum
267 4357 315 4411 est,
334 4351 386 4400 nisi
406 4358 465 4400 ante
485 4351 633 4401 missionem
653 4351 686 4400 ad
705 4354 910 4403 centurionatum
930 4363 1088 4417 pervenerat,
1109 4356 1182 4404 aunis
1196 4354 1309 4419 impletis
1323 4353 1408 4403 nullus

96 4433 155 4487 locus
169 4442 256 4504 patuit,
278 4457 330 4506 quo
349 4455 407 4491 eum
421 4449 576 4507 expectaret.
605 4443 662 4493 Hoc
675 4453 790 4508 respectu
805 4445 966 4510 aliquatenus
980 4446 1083 4496 delendi
1097 4447 1191 4511 poterit
1203 4452 1306 4510 recepta
1319 4445 1408 4510 opinio

99 4537 241 4582 evocatorum
261 4547 355 4598 corpus
373 4534 539 4584 seminarium
559 4535 688 4600 quoddam
707 4536 786 4586 fuisse
803 4537 987 4588 centurionum.

144 4618 166 4682 ⁸)
183 4623 264 4688 Supra
283 4641 308 4688 p.
324 4625 377 4674 149
396 4641 422 4675 ιι.
438 4626 462 4674 1.
504 4625 556 4675 Per
574 4627 667 4676 saltum
685 4629 797 4692 promoti
817 4630 916 4679 evocati
943 4631 1107 4680 inveniuntur
1130 4629 1164 4680 ad
1184 4629 1339 4679 tribunatum
1365 4643 1407 4676 co-

99 4707 166 4761 hortis
177 4714 205 4765 C.
217 4715 278 4777 VII,
299 4715 361 4766 953.
376 4715 440 4778 stt,
460 4717 495 4766 ad
514 4717 699 4782 praefecturam
719 4734 796 4783 supra
815 4736 840 4784 p.
859 4722 911 4770 144
929 4737 955 4770 n.
971 4723 996 4770 2.
1029 4721 1060 4770 Id
1080 4737 1125 4771 cur
1138 4729 1214 4785 neget
1226 4722 1282 4771 ficri
1296 4719 1408 4784 potuisse

101 4799 237 4856 Sebuidtins
254 4823 280 4871 p.
294 4806 357 4868 345,
378 4822 432 4857 nou
450 4809 591 4872 perspicio,
611 4823 673 4860 sanc
692 4825 752 4861 raro
773 4813 865 4861 evenit.

146 4891 168 4954 ⁴)
184 4895 335 4948 Nominatus
354 4897 384 4948 C.
398 4899 445 4960 Vl,
467 4899 538 4949 3424
557 4907 677 4950 evocatus
695 4903 739 4966 qui
758 4903 875 4953 militavit
894 4918 917 4952 a.
932 4905 977 4965 LI,
1006 4905 1071 4954 obiit
1089 4918 1112 4954 a.
1126 4903 1267 4963 LXXVII,
1298 4901 1407 4950 fortasse

102 4981 222 5036 inollcio.
252 4990 346 5041 Parem
367 4989 552 5054 stipendiorum
571 5006 705 5042 numerum
724 4994 786 5042 alibi
804 4995 848 5044 vix
862 4996 989 5059 reperies3
1011 5009 1164 5060 quamquam
1185 4993 1345 5044 centuriones
1364 4993 1407 5040 sti·

101 5075 231 5134 studiorum
250 5081 366 5131 XLVIII
385 5087 411 5130 st
429 5081 451 5132 L
471 5081 505 5142 (v.
525 5082 600 5132 buius
618 5083 685 5148 Eph.
699 5085 738 5135 IV
757 5101 783 5149 p.
798 5086 861 5148 236)
881 5087 915 5135 ad
934 5091 1068 5136 evocatum
1088 5087 1155 5135 bunc
1174 5099 1255 5149 prope
1274 5083 1406 5132 accedunt.

102 5162 290 5234 stupuerunt
308 5173 409 5222 evocati
429 5172 583 5224 salariorum
602 5175 702 5226 XXIII
721 5174 761 5234 (C.
775 5177 821 5239 VI,
841 5177 923 5239 atat)
944 5185 969 5228 et
987 5177 1094 5228 XXVII
1114 5175 1154 5237 (C.
1168 5177 1216 5236 VI,
1237 5173 1328 5234 2495).
1366 5171 1406 5222 Gt.

103 5252 151 5304 item
168 5275 189 5326 p.
205 5263 254 5312 150
272 5263 320 5313 snb
340 5261 378 5314 db
397 5269 423 5314 et
440 5279 466 5332 p.
483 5265 535 5316 152
555 5281 579 5316 n.
596 5265 620 5315 ³.
