3330 5934
325 584 399 656 280

760 605 1034 657 ADDITAIIENTA
1060 605 1144 657 VOL.
1159 607 1228 658 vm
1568 611 1602 659 239

479 707 630 715 ---
1248 708 1605 718 -ι--ι-ᾕ..

399 927 518 987 xnrn.
564 925 756 988 coneum
780 928 910 988 snum
932 928 1161 990 sanamur
1184 927 1284 990 avc.
1308 929 1423 988 zuun
1444 926 1559 988 auen

813 1031 1175 1108 (Stat-Amor-Djedtdt).
1638 1019 1639 1046 ³

367 1195 470 1254 Titulo
492 1216 520 1254 n.
538 1193 597 1256 289
621 1195 749 1255 feliciter
771 1197 892 1255 invento
915 1199 1121 1256 controversia
1143 1199 1179 1256 de
1197 1198 1308 1257 Zamae
1330 1197 1441 1275 Regiae
1463 1197 1516 1256 situ
1534 1196 1610 1254 tandiu
1639 1194 1640 1282 l

324 1297 465 1374 ambigua
486 1306 600 1358 tautum
623 1300 709 1358 abest
732 1307 763 1358 ut
786 1299 903 1358 tandem
926 1300 1089 1375 aliquando
1105 1301 1210 1360 sedata
1225 1301 1275 1372 sit,
1297 1311 1330 1360 ut
1352 1321 1429 1360 nunc
1451 1301 1485 1358 de
1500 1318 1531 1358 ea
1547 1299 1607 1356 atriu
1639 1283 1640 1314 ³

325 1419 414 1476 quam
438 1419 568 1477 unquam
591 1411 661 1461 ante
682 1401 758 1460 inter
780 1403 917 1461 homines
940 1401 1045 1461 doctos
1067 1403 1209 1480 litigetur.
1248 1401 1325 1460 Nam
1348 1413 1377 1461 et
1391 1401 1546 1462 Ptolemaei
1562 1401 1603 1458 tul·

325 1504 439 1575 monio,
470 1505 580 1582 quippe
608 1504 655 1562 cui
684 1495 770 1572 Za'uu
799 1497 897 1574 μείζων
926 1505 1094 1581 appelletur
1127 1504 1268 1582 oppidum
1297 1503 1456 1564 Numidiae
1487 1501 1608 1564 ncraell.

326 1607 358 1676 3,
380 1607 432 1680 33,
460 1614 490 1664 et
512 1608 579 1682 ipso
602 1606 711 1664 Zamae
733 1607 846 1682 Regiae
869 1607 987 1664 nominc
1015 1607 1150 1664 nonnulli
1177 1615 1284 1684 putant
1310 1607 1498 1684 comprobari
1521 1605 1577 1662 duas
1595 1605 1611 1660 in

326 1709 430 1768 Africa
455 1709 548 1768 fuisse
571 1709 681 1766 Zamas
705 1709 778 1766 eolis
801 1709 1026 1784 cognominibus
1053 1709 1209 1767 distinctas
1233 1729 1330 1786 neque
1357 1709 1512 1768 admittunt
1530 1707 1613 1764 Zamam

325 1831 404 1885 cam,
438 1830 514 1888 quae
547 1811 602 1870 fuit
635 1811 671 1868 ad
706 1811 802 1868 vicum
839 1809 1189 1886 Sidi-Amor-Djedtdi,
1224 1812 1318 1871 fuisse
1350 1811 1485 1886 Regiam.
1534 1808 1614 1867 Tabula

325 1925 422 1974 autem
450 1915 671 1991 Peutingeraua
697 1933 761 1971 cum
790 1913 913 1972 Zamam
944 1915 1057 1989 regiam
1085 1915 1211 1972 collocet
1238 1915 1269 1972 in
1297 1914 1348 1970 ria
1376 1913 1530 1972 Althiburo
1548 1910 1615 1984 Thys-
1641 1897 1642 1928 ³

325 2017 411 2076 drum
440 2017 564 2076 ducente
593 2018 622 2075 in
651 2017 730 2074 hune
760 2016 892 2075 modum:
924 2015 1054 2074 Assuras
1081 2016 1133 2092 (=
1159 2015 1214 2074 Ην.
1238 2015 1366 2091 Zansdr)
1390 2050 1431 2060 -
1452 2015 1484 2074 X
1505 2047 1536 2057 -
1555 2013 1614 2070 me
1642 2074 1643 2132 l

325 2119 431 2195 Rciqia
454 2151 490 2162 —
513 2119 575 2178 XX
599 2152 636 2162 -·
661 2117 752 2194 Seque
776 2151 816 2161 ——
838 2117 870 2176 X
892 2151 930 2160 -
955 2119 1052 2176 Auula
1075 2152 1115 2160 —
1135 2119 1197 2178 VII
1221 2151 1259 2160 —
1283 2117 1470 2194 Antigenidam
1491 2149 1525 2160 -
1544 2115 1577 2172 Vl
1591 2145 1614 2154 -
1642 2141 1643 2162 1

331 2222 452 2298 Uzappa
475 2222 528 2298 (=
552 2221 636 2280 Ksur
658 2220 903 2296 Abu-el-ltetek)
927 2254 963 2263 -
987 2221 1033 2280 VI
1055 2254 1096 2264 —
1118 2221 1267 2297 Manange
1290 2253 1327 2262 -
1352 2220 1415 2280 VII
1439 2255 1476 2264 —
1497 2219 1579 2295 quar
1593 2247 1614 2256 -

326 2323 402 2381 XIV
421 2357 462 2367 —
483 2324 587 2400 Aquae
609 2324 717 2399 Regiae
740 2321 792 2398 (=
811 2322 864 2381 Hr.
881 2321 1066 2400 Babirscha),
1090 2343 1127 2381 nc
1149 2343 1184 2382 ec
1208 2323 1327 2398 quidem
1351 2323 1521 2382 tesIImouio
1539 2329 1613 2379 contro

326 2425 427 2485 versia
447 2427 558 2485 finitur.
604 2424 637 2485 Si
662 2437 743 2484 recte
769 2426 893 2484 haberet
916 2443 948 2484 se
970 2425 1156 2484 itinerarium
1179 2425 1268 2484 modo
1297 2425 1443 2498 relatum,
1471 2425 1609 2497 Zamaqut

327 2528 442 2586 suited
465 2525 778 2602 Sidi-Amor-Djedtdi
800 2547 859 2586 non
883 2528 939 2585 fuit
960 2527 1063 2604 Regia3
1087 2547 1155 2586 nam
1178 2526 1307 2604 Uzappa
1328 2529 1378 2587 ubi
1404 2529 1492 2588 fuerit
1512 2545 1566 2586 cnm
1581 2523 1612 2580 im

327 2639 444 2689 constet
466 2629 508 2706 (v.
526 2650 553 2706 p.
569 2629 654 2706 278),
677 2639 793 2688 constet
808 2630 879 2688 item
895 2629 930 2686 dc
947 2631 1044 2704 Aquis
1059 2629 1163 2707 Regiis
1186 2630 1356 2710 (v.v111p.
1372 2631 1441 2708 20),
1463 2632 1534 2690 inter
1546 2639 1614 2686 utrm·

327 2751 384 2808 que
401 2733 587 2791 mansionem
603 2732 746 2809 oppidum
768 2731 805 2788 ud
821 2729 1135 2807 Sidi-Amor-Djedidi
1157 2733 1308 2810 interponi
1330 2752 1390 2792 non
1415 2743 1512 2810 potest
1530 2729 1573 2790 nisi
1587 2725 1616 2782 td·

328 2835 431 2894 missis
447 2835 511 2894 viae
527 2833 711 2894 anfractibus
728 2833 812 2892 nullo
828 2833 916 2892 modo
932 2834 1103 2909 tulerandis.
1141 2837 1183 2892 At
1202 2843 1236 2894 ut
1252 2835 1375 2894 Zamam
1393 2838 1549 2906 mittamus,
1561 2835 1616 2889 emm
1644 2819 1645 2826 ἵ

328 2937 448 2997 aliunde
471 2945 587 2996 constat
608 2936 791 2996 itinerarium
815 2937 890 2994 illud
906 2943 998 2995 totum
1022 2938 1224 3012 perturbatum
1240 2956 1317 2997 esse.
1352 2937 1435 2998 Nam
1451 2959 1514 2998 cum
1528 2939 1617 2995 daturus

328 3042 366 3100 ab
381 3040 509 3119 Uzappa
531 3041 579 3099 via
599 3047 681 3098 recta
703 3059 742 3097 m.
758 3057 787 3115 p.
805 3040 922 3098 circiter
939 3039 1048 3096 XXIII
1070 3039 1158 3111 absit,
1182 3041 1344 3099 secundum
1368 3035 1616 3113 nuperorum
1645 3071 1646 3082 κ

327 3143 516 3202 intervallum
532 3142 611 3201 foret
625 3141 736 3200 milium
759 3142 867 3218 pedum
883 3141 967 3200 LIII.
1001 3141 1118 3200 Deinde
1134 3159 1189 3200 sex
1204 3143 1360 3215 stationes,
1382 3153 1460 3220 quot
1474 3148 1614 3202 recensentur

328 3247 359 3304 in
380 3246 484 3304 tabula
505 3244 655 3322 Peuting,
677 3253 736 3302 tam
760 3263 854 3321 parvo
877 3243 943 3302 vinc
966 3245 1072 3302 tractui
1096 3244 1172 3302 male
1195 3247 1385 3304 conveniunt.
1428 3244 1511 3319 Quae
1530 3238 1614 3302 euml2

329 3349 404 3420 sint,
433 3348 617 3408 itinerarium
639 3365 699 3404 non
722 3347 824 3405 obstat
844 3345 1005 3422 quominus
1028 3347 1150 3405 Zamam
1173 3347 1252 3406 tituli
1278 3347 1357 3405 infra
1377 3348 1468 3408 relati
1492 3365 1541 3424 pro
1559 3339 1620 3414 Reglt

329 3450 520 3528 accipiamus,
543 3469 609 3508 cum
632 3450 807 3526 praesertim
831 3467 896 3506 eam
920 3450 1009 3508 situm
1032 3450 1124 3508 luisse
1148 3451 1185 3507 ab
1205 3451 1369 3508 Assuribus
1393 3451 1565 3508 occidentem
1581 3460 1621 3498 rcr-

329 3571 381 3612 sus
409 3553 498 3612 etiam
525 3553 608 3612 illius
639 3553 809 3612 testimonio
842 3569 966 3626 prorsus
1000 3553 1200 3610 confirmetur.
1256 3549 1393 3610 Sallustii
1430 3561 1524 3611 autem
1547 3548 1623 3605 Zamae

329 3655 430 3732 oppidi
457 3656 687 3732 descriptionem
721 3655 800 3732 (lug.
818 3654 857 3713 56
881 3672 959 3730 seq,
987 3655 1024 3712 cf.
1038 3653 1113 3712 VIII
1141 3673 1167 3728 p.
1187 3652 1248 3711 210
1270 3655 1348 3730 seq.)
1381 3655 1537 3713 convenire
1558 3641 1624 3705 rideri

329 3779 396 3817 cum
423 3761 484 3818 situ
510 3778 559 3833 ec,
588 3760 637 3818 ubi
663 3766 709 3817 est
735 3755 1080 3830 Sidi-Amor-Djedtdt,
1115 3756 1226 3814 iudicat
1254 3754 1381 3814 Carolus
1411 3757 1527 3826 Tiss0t‚
1552 3753 1625 3808 harum

329 3863 535 3940 quaestionum
558 3862 744 3921 existimator
766 3860 965 3938 peritissimus
995 3859 1260 3935 (coaptes-rendae
1288 3861 1321 3917 de
1345 3857 1456 3918 l’aoud.
1478 3857 1524 3916 XI
1546 3845 1624 3929 (1383)

328 3985 358 4044 p.
376 3964 460 4040 tot).
500 3965 638 4040 Denique
661 3963 775 4038 aliquid
796 3962 939 4039 ponderis
962 3962 1060 4034 habet,
1082 3962 1162 4038 quod
1185 3961 1215 4019 in
1238 3961 1340 4020 tabula
1361 3970 1534 4037 patronatus
1553 3946 1625 4012 alli

329 4065 378 4142 (G.
395 4068 418 4126 l.
433 4065 469 4125 L.
481 4067 535 4138 VI,
553 4065 646 4142 1686)
668 4067 860 4126 inveniuntur
880 4064 972 4123 colom'
994 4065 1120 4123 coloniae
1142 4064 1243 4122 Aeliae
1263 4063 1439 4122 Hadra'aaac
1460 4063 1531 4138 Aug.
1551 4057 1626 4114 zare

329 4169 451 4245 Regiae,
478 4171 509 4228 in
536 4168 623 4228 titulo
651 4176 750 4228 autem
777 4187 865 4244 quem
893 4171 952 4228 iam
979 4167 1094 4226 edimus
1121 4186 1149 4225 n.
1171 4165 1246 4236 289,
1277 4165 1370 4224 Zama
1399 4187 1461 4225 nou
1490 4163 1574 4223 solun
1596 4171 1628 4210 οὐ·

330 4271 412 4330 lenia
439 4271 621 4350 appellatur,
652 4291 755 4331 verum
784 4272 873 4330 etlam
901 4271 1022 4330 flamoui
1049 4271 1184 4347 perpetui
1211 4269 1323 4327 mentio
1351 4270 1386 4327 fit
1415 4269 1476 4326 divi
1504 4255 1629 4324 Hadriani·

329 4389 390 4448 quc
423 4371 610 4432 HudrIanum
644 4375 731 4433 huius
765 4375 861 4451 ipsius
894 4373 1027 4432 coloniae
1060 4372 1245 4430 conditorem
1279 4371 1373 4430 luisse
1406 4371 1493 4429 valde
1527 4362 1628 4443 prolecto

329 4475 556 4535 commendatur
577 4477 758 4537 coniectura.
808 4477 890 4553 Ergo
917 4475 1054 4552 equidem
1084 4492 1143 4532 non
1172 4474 1401 4550 subscripserim
1429 4463 1628 4532 dubitationibus

330 4579 464 4638 virorum
487 4579 641 4639 doctorum
668 4581 790 4639 nimiam
820 4589 988 4649 cautorum,
1017 4585 1047 4635 ut
1074 4577 1146 4634 mibi
1175 4577 1305 4648 uidetur,
1337 4575 1387 4652 qui
1414 4577 1445 4634 in
1474 4575 1526 4631 bac
1551 4579 1629 4625 caussa

330 4683 500 4742 etiamnunc
525 4683 728 4762 ampliandum
755 4701 823 4743 esse
851 4682 1063 4741 iudicaverunt.
1119 4675 1259 4737 Ceterum
1285 4677 1333 4737 hic
1359 4679 1443 4737 iuvat
1473 4689 1580 4736 monere
1604 4661 1629 4720 nb

329 4787 552 4860 provinciarum
575 4785 799 4862 proconsularis
822 4795 851 4844 et
871 4783 1046 4860 Byzacenae
1068 4781 1198 4840 confinio
1223 4781 1346 4840 Zamam
1376 4781 1511 4858 proxime
1538 4771 1628 4831 alutae

329 4885 409 4946 Nam
431 4899 465 4947 ut
485 4889 635 4948 civitatem
658 4889 867 4948 Muzucensem
888 4887 957 4944 inde
979 4885 1083 4963 paucis
1107 4883 1300 4942 chiliometris
1324 4883 1483 4942 distantem
1508 4873 1627 4938 meridiem

331 5009 434 5050 versus
463 4990 639 5067 Byzacenac
673 4992 782 5050 finibus
815 4988 959 5048 inclusam
993 4987 1085 5046 sulsse
1119 5005 1212 5064 supra
1244 4987 1401 5062 probatum
1434 4993 1479 5043 est
1509 4981 1546 5056 (p.
1567 4969 1628 5042 att),

330 5093 373 5150 ita
394 5093 588 5170 municipium
610 5093 787 5166 Muzuense,
815 5093 895 5170 quod
919 5099 982 5150 erat
1004 5091 1041 5148 ad
1064 5089 1258 5149 confluentem
1287 5089 1444 5148 fluviorum
1467 5083 1537 5144 wod
1555 5067 1629 5136 llirul

330 5203 361 5253 et
385 5195 461 5254 de
489 5195 596 5276 Bargu¹
617 5205 707 5274 atque
734 5217 752 5254 a
778 5195 873 5254 Zama
901 5212 956 5252 aex
983 5193 1045 5252 fere
1076 5193 1205 5251 chiliom.
1239 5193 1372 5252 distabat
1403 5192 1479 5248 inter
1509 5177 1625 5244 meridiem

331 5299 541 5374 morientem,
568 5299 604 5358 ad
629 5299 813 5377 provinciam
839 5296 1086 5376 proconsularem
1113 5295 1291 5373 pertinuisse
1319 5293 1397 5353 infra
1421 5293 1464 5368 (p.
1481 5285 1546 5363 282)
1569 5277 1624 5338 vide·
