3444 5932
412 597 716 652 ossnnvnrronns
734 597 1023 652 errensrnronn.
1318 581 1387 652 161

83 789 181 847 quoque
199 771 336 830 domuum
358 771 497 830 collectio
520 790 605 832 snam
629 773 796 844 utilitatem,
819 789 854 830 eo
875 771 1006 832 maxime
1028 771 1108 848 qnod
1130 772 1319 848 aliquetenus
1342 772 1391 830 de·

82 873 199 944 clarabit,
225 874 344 950 qnando
366 874 523 950 imperium
544 873 712 932 Romanum
734 874 772 932 eb
795 873 882 933 ltalis
904 873 1106 932 administrari
1129 873 1252 932 desierit
1272 883 1302 932 et
1323 891 1390 950 pro·

83 974 203 1032 rincieles
224 975 373 1049 quomodo
395 995 449 1052 per
469 975 581 1052 gradus
604 975 689 1034 Italis
712 975 769 1034 boo
790 983 928 1051 respectu
950 975 1135 1052 aequiparati
1163 975 1223 1034 sint
1244 975 1289 1033 rel
1315 975 1390 1034 adeo

81 1076 199 1151 praelatu
221 1094 289 1136 nam
313 1089 345 1136 ut
366 1077 533 1135 cardinales
555 1096 651 1155 papus
671 1077 800 1136 Romani
823 1097 860 1134 ex
882 1076 1039 1136 mundanis
1060 1076 1131 1135 fecti
1155 1085 1224 1134 sunt
1246 1075 1327 1148 Itali,
1349 1076 1392 1136 its

81 1179 244 1236 econtrario
265 1179 383 1255 imperii
408 1178 535 1237 Romani
557 1179 753 1256 magistratus
776 1198 815 1236 ex
836 1177 922 1237 Italis
945 1189 1118 1251 eraserunt,
1146 1188 1178 1236 ιι1
1206 1187 1273 1237 ntor
1298 1178 1390 1236 verbo

80 1289 137 1352 apto
156 1279 245 1356 megin
267 1299 359 1356 quem
381 1279 505 1351 Latino,
531 1280 710 1356 imperiales.
761 1277 820 1340 Sed
843 1280 905 1338 alis
925 1299 972 1340 res
994 1289 1042 1340 est
1062 1297 1157 1355 neque
1178 1288 1259 1338 recte
1281 1279 1390 1338 linibus

80 1380 181 1438 militine
201 1381 488 1452 circumscribenda3
516 1382 730 1459 complectetur
752 1399 874 1440 necesse
895 1390 941 1441 est
966 1383 1095 1440 honores
1123 1382 1294 1453 universos,
1323 1399 1389 1440 cum

80 1483 230 1557 praesertim
257 1493 319 1540 tam
346 1483 449 1542 civilia
473 1501 563 1558 qnam
591 1484 732 1543 militaria
757 1483 856 1542 officia
882 1493 913 1542 et
942 1487 1093 1542 senatoria
1119 1491 1149 1540 et
1174 1483 1324 1560 equestria
1350 1483 1389 1541 ab

81 1583 164 1640 iisdem
183 1584 243 1642 lere
265 1571 441 1644 bominibus¹
464 1595 604 1660 suscepte
625 1585 694 1643 sint.

111 1683 178 1743 Hinc
197 1686 294 1744 oritur
318 1686 499 1762 ambiguitas
521 1687 667 1763 quaedem
689 1688 719 1744 in
741 1687 899 1746 veteranis.
948 1687 1055 1746 Missio
1077 1705 1144 1746 cum
1172 1686 1328 1763 perveniat
1352 1686 1391 1744 ad

80 1804 161 1845 onnes
175 1788 230 1860 ‘qui
253 1807 312 1863 per
333 1805 428 1846 annos
449 1788 601 1866 legitimos
628 1789 845 1860 militaverunt,
874 1788 1029 1848 mittuntur
1055 1788 1174 1865 quidem
1201 1797 1261 1846 tam
1288 1795 1390 1846 centn·

81 1888 158 1946 riones
183 1906 272 1964 quam
302 1889 425 1962 milites3
458 1890 511 1948 scd
537 1891 588 1966 qui
613 1897 681 1950 ante
708 1891 861 1950 missionis
888 1899 1004 1966 tempus
1031 1890 1120 1948 vitem
1148 1889 1308 1948 adsecutus
1334 1897 1389 1962 est,

83 2004 149 2065 nepe
167 2009 184 2049 a
204 1991 354 2050 missione
376 1991 507 2050 abstinet
528 1999 558 2050 et
576 1991 704 2050 militare
720 1993 826 2068 pergit,
848 1992 879 2050 id
894 1992 975 2068 qnod
989 1991 1087 2064 militi,
1110 1999 1252 2068 quantum
1268 1992 1392 2062 scimus,

86 2108 125 2148 non
145 2093 333 2167 permittitur.
381 2093 547 2170 Propterea
572 2093 690 2152 titulum
717 2092 978 2152 Lambaesitanum
1006 2113 1032 2152 a.
1056 2093 1114 2152 166
1142 2093 1281 2152 dedicant
1312 2092 1390 2168 (cen-

89 2193 192 2270 turiones)
215 2204 243 2252 et
264 2199 398 2252 vernoni
421 2194 472 2270 lep.
488 2195 545 2280 ΙΙΙ
557 2194 644 2270 Aug„
668 2197 718 2271 qui
737 2196 862 2254 militare
881 2203 1030 2271 coeperunt
1052 2214 1078 2253 a.
1098 2195 1156 2253 140
1178 2205 1209 2253 et
1226 2195 1281 2253 141
1307 2193 1389 2270 (nnn.

87 2288 161 2351 Const.
177 2295 255 2354 1883
281 2315 314 2373 p.
331 2293 413 2370 382).
457 2292 598 2371 Sequitur
618 2296 687 2354 inde
708 2315 860 2355 numerum
890 2296 1095 2356 centurionum
1121 2307 1189 2372 post
1216 2297 1391 2356 missionem

83 2391 258 2455 detunctorum
282 2415 342 2473 pro
364 2396 503 2472 portione
524 2397 677 2472 eliquanto
703 2398 848 2456 minorem
875 2397 968 2456 fuisse
989 2416 1078 2474 quam
1106 2398 1242 2457 militum.
1290 2397 1390 2456 Etiam

81 2497 152 2570 ungis
171 2499 237 2556 inde
266 2497 472 2570 imminuitur,
505 2498 585 2574 qnod
610 2499 797 2558 centuriones
825 2509 894 2576 post
920 2515 1016 2558 annos
1043 2508 1163 2558 coactae
1189 2499 1312 2558 militine
1340 2517 1390 2556 ex·

80 2596 155 2669 pieton
173 2600 226 2657 sub
249 2599 352 2675 signis
373 2600 479 2658 retenti
501 2599 635 2677 legitimo
658 2617 747 2660 cnrsu
768 2601 806 2658 ad
828 2600 1040 2677 primipilatum
1062 2601 1186 2678 perduci
1214 2601 1310 2660 solent
1335 2619 1390 2658 nec

80 2695 147 2754 leoile
166 2701 327 2760 mittuntur
349 2700 407 2758 nisi
429 2709 499 2777 post
520 2701 661 2778 adeptum
683 2703 748 2760 eius
771 2701 884 2760 ordinis
906 2701 1029 2778 gradum
1048 2719 1204 2761 summum.
1241 2701 1325 2760 Haec
1341 2701 1392 2777 qui

79 2801 222 2860 consideret
237 2803 342 2860 minus
364 2802 531 2876 mirabitur,
554 2804 634 2879 quod
655 2812 715 2861 tam
738 2804 847 2880 exiguo
869 2821 992 2862 numero
1015 2803 1092 2862 tituli
1114 2803 1304 2880 suppeditent
1324 2821 1392 2862 cen·

79 2900 186 2960 turinnes
207 2904 339 2963 honesta
366 2903 510 2962 missione
538 2905 678 2964 dimissos
705 2915 736 2964 et
761 2904 841 2981 quod
869 2905 901 2963 in
926 2905 964 2963 iis
992 2905 1096 2980 lingua
1121 2903 1232 2963 Latine
1257 2903 1391 2962 melioris

79 3004 165 3074 eetetis
184 3006 313 3082 proprio
337 3003 483 3063 vocabulo
505 3014 588 3064 caret
607 3006 801 3081 respondenti
822 3005 1009 3083 primipilari,
1032 3015 1064 3064 ut
1085 3025 1242 3065 commune
1259 3005 1392 3065 veterani

79 3102 149 3162 etiem
169 3107 376 3165 centurionem
399 3107 450 3182 qui
472 3107 529 3165 luit
549 3108 773 3184 complectetur.
823 3104 978 3166 cestrensi
1000 3107 1118 3166 demum
1144 3125 1280 3167 sermone
1309 3115 1392 3183 post·

78 3221 148 3277 quem
168 3208 300 3266 invaluit
319 3207 411 3266 cilicii
433 3207 562 3284 depositi
580 3209 758 3285 significatio
775 3227 828 3285 per
843 3209 1095 3285 praepositionem
1112 3229 1153 3280 en,
1177 3209 1234 3268 dici
1253 3217 1391 3286 coeptum

78 3313 184 3366 estnon
205 3318 268 3368 tam
293 3327 328 3366 en
348 3312 507 3368 centurione
529 3307 577 3384 (0.
593 3309 682 3382 Vlll,
706 3309 801 3386 9600)
824 3329 928 3386 perum
950 3311 1140 3383 concinnum,
1169 3311 1222 3370 sed
1243 3319 1391 3370 ueteranus

77 3425 102 3460 ee
119 3416 275 3470 centurione
298 3414 363 3468 sive
386 3429 418 3469 ec
438 3413 599 3469 centurione
619 3421 767 3470 ueteranus
789 3409 843 3486 (Ο.
858 3411 916 3484 ΙΙΙ,
939 3409 1008 3472 225.
1028 3413 1116 3470 1471.
1134 3411 1222 3470 5820.
1246 3411 1284 3483 V,
1299 3411 1390 3472 2831.

78 3503 147 3580 llll,
167 3511 260 3570 6236.
278 3511 319 3583 X,
337 3511 432 3582 33653
455 3531 556 3570 rerum
578 3520 625 3572 est
646 3523 795 3572 veteranus
817 3531 850 3570 ec
872 3513 1079 3572 centurionibus
1100 3513 1139 3585 X,
1159 3511 1250 3584 3370,
1272 3513 1309 3570 88
1330 3530 1392 3586 que

76 3606 206 3672 locutione
228 3613 296 3671 dixi
319 3633 348 3689 p.
364 3611 421 3670 128
447 3613 477 3670 in
504 3621 632 3672 tractatu
660 3613 695 3670 de
721 3614 953 3689 protectoribus)
981 3614 1028 3672 vel
1055 3633 1087 3672 ec
1109 3616 1268 3674 cennrione
1288 3617 1391 3670 missus

76 3707 175 3771 loneetu
194 3717 334 3775 missione
355 3712 632 3788 (111,6234.v111‚
650 3713 753 3774 26186
773 3715 799 3774 2.
819 3714 924 3792 7080),
946 3733 1011 3773 cum
1031 3715 1229 3774 soloecismus
1243 3722 1392 3772 veteranus

78 3817 269 3834 “““’““----

76 3861 104 3919 (8.
117 3867 201 3928 2826),
220 3871 324 3920 Moesiu
344 3871 380 3933 (8.
391 3871 481 3932 2786),
503 3871 563 3921 item
577 3873 749 3923 Viminacium
769 3873 804 3934 (8.
816 3873 898 3934 3001)
918 3879 944 3922 81
956 3873 1072 3924 Rutisris
1091 3873 1127 3935 (n.
1139 3871 1229 3933 2871),
1251 3871 1392 3935 Pelagonia

76 3953 229 4012 Macedoniae
250 3961 289 4022 (8.
299 3962 390 4023 2868),
411 3963 525 4014 Traiana
538 3965 666 4014 Threciae
681 3966 715 4026 (n.
728 3964 818 4026 2964),
839 3964 948 4030 denique
968 3965 994 4014 in
1008 3965 1100 4014 Africa
1110 3964 1237 4015 Theveste
1251 3967 1287 4025 (8.
1300 3961 1391 4024 2878),

76 4044 208 4102 188188ιί8
227 4053 265 4115 (8.
282 4053 374 4116 2980),
393 4054 464 4103 Cirta
484 4055 520 4116 (8.
536 4057 607 4108 2890
626 4064 654 4104 81
671 4057 790 4118 ridetur).
828 4057 919 4121 Itaque
938 4070 968 4106 ea
986 4062 1077 4118 aetate,
1099 4071 1149 4121 que
1169 4057 1264 4106 milites
1282 4055 1391 4119 legionis

74 4135 214 4194 Numidicae
241 4145 343 4209 origine
368 4159 455 4194 omnes
479 4146 534 4196 fere
558 4148 618 4197 Alri
643 4154 728 4209 erant,
759 4149 920 4198 centuriones
944 4149 1042 4198 meiore
1070 4163 1103 4198 ex
1132 4155 1206 4212 parte
1234 4147 1338 4197 slinnde
1365 4147 1392 4196 in

76 4229 178 4282 Alricem
197 4245 333 4287 venerunt.
368 4238 413 4288 Ad
432 4239 561 4304 quodnam
580 4253 661 4303 genus
680 4254 712 4288 ex
732 4239 812 4289 tribus
832 4253 910 4304 snpra
928 4241 1016 4289 relatis
1036 4239 1196 4289 centuriones
1216 4239 1243 4288 bi
1263 4237 1392 4288 referendi

76 4320 130 4382 sint,
149 4325 174 4374 iu
193 4329 343 4378 coniectum
360 4331 473 4394 positum
493 4337 543 4391 est,
567 4345 625 4382 cnm
644 4333 795 4395 praesertim
815 4332 977 4381 centuriones
995 4330 1056 4380 facti
1075 4331 1224 4396 plerumque
1244 4331 1276 4380 de
1294 4329 1393 4395 gregeli

76 4411 156 4465 militie
173 4425 288 4482 tacentum
308 4421 401 4471 multos
421 4421 554 4486 probabile
576 4429 615 4472 est
637 4437 669 4472 ex
689 4423 859 4486 praetorianis
878 4423 1015 4486 proticisci.
1060 4421 1102 4472 De
1115 4423 1200 4486 primo
1212 4423 1392 4472 centurionem

76 4503 111 4552 nbi
128 4517 236 4572 constet,
260 4511 389 4562 interdum
408 4519 540 4578 susceptus
558 4521 597 4562 eet
615 4514 641 4562 in
665 4514 810 4578 provincia,
838 4515 865 4563 in
890 4529 941 4579 qua
964 4514 1037 4564 miles
1060 4520 1130 4564 ortus
1154 4521 1193 4564 est
1214 4521 1241 4563 et
1263 4513 1390 4578 gregalem

76 4599 186 4648 memisse
198 4617 258 4651 eum
272 4603 420 4666 verisimile,
442 4611 468 4654 nt
481 4605 627 4654 Moesiaoue
645 4621 671 4654 n.
684 4607 755 4656 2786
769 4606 902 4656 ordinatus
917 4613 955 4655 est
967 4606 994 4654 in
1007 4605 1133 4670 legione]
1146 4607 1244 4667 Itslice,
1264 4605 1392 4654 similiter·

76 4701 116 4747 que
134 4706 158 4739 n.
172 4692 243 4742 2354
268 4693 370 4752 (aetatis
389 4692 531 4762 Trsisnee)
556 4697 629 4747 miles
648 4697 757 4762 legionis
775 4698 818 4748 111
841 4701 973 4761 Augustae
992 4697 1091 4747 steine
1110 4696 1189 4746 dubio
1209 4697 1307 4760 origine
1327 4695 1394 4744 Afer

76 4789 155 4838 postes
172 4785 198 4834 in
218 4785 259 4834 ale
276 4787 403 4836 Africana
422 4789 514 4837 meruit
533 4789 739 4853 sesquiplicarius
758 4795 784 4838 et
802 4789 970 4854 duplicarius,
999 4788 1093 4838 deinde
1119 4789 1234 4839 centurio
1253 4787 1336 4837 fuctus
1355 4793 1394 4836 set

76 4865 172 4932 legionis
192 4875 232 4926 ΠΙ
255 4878 401 4943 Augustum
430 4880 475 4929 sed
498 4895 512 4928 8
532 4881 660 4930 cornerio
684 4889 737 4931 tem
756 4881 945 4931 Vimiueceusis
964 4895 990 4930 n.
1006 4881 1075 4931 3001
1096 4895 1174 4945 quam
1192 4877 1392 4944 Agrippinensis

77 4963 177 5015 112807
203 4968 277 5018 ritem
297 4969 408 5034 primum
431 4978 565 5034 gesserunt
588 4973 615 5021 in
638 4973 739 5036 legione
756 4972 795 5022 VI
818 4973 920 5022 victrice
938 4972 1100 5034 Britannice,
1127 4973 1199 5022 miles
1222 4970 1332 5034 legionis
1350 4968 1393 5017 III

77 5055 199 5117 Augustae
217 5075 241 5108 n.
255 5061 308 5110 217
332 5061 360 5110 18
378 5061 479 5125 legione
498 5063 526 5114 Π
549 5063 652 5124 Italics,
676 5078 741 5128 quse
760 5063 857 5114 Norico
882 5064 1052 5128 praesidebat.
1095 5065 1165 5113 Haec
1189 5061 1334 5126 similisque
1360 5059 1393 5108 de

78 5148 241 5200 cenmrionnm
260 5152 362 5216 origine
381 5159 407 5201 ct
425 5154 588 5216 promotione
617 5163 645 5204 ut
669 5171 720 5206 non
745 5156 834 5206 inutile
859 5157 907 5206 erit
930 5157 1049 5220 colligere
1073 5161 1098 5204 et
1121 5167 1282 5218 comparere,
1307 5157 1394 5202 888188

80 5238 125 5284 tots
143 5239 270 5293 turbarent
289 5243 344 5293 eine
364 5243 511 5296 discrimine
534 5245 653 5297 86881888.

152 5344 189 5405 V.
1131 5353 1165 5411 ll
