3544 5932
321 591 368 660 14
755 613 1026 663 nnnrrnnanrn
1055 612 1140 663 von.
1159 615 1203 664 111
1615 619 1645 668 15

316 785 438 842 mtssos.
482 784 548 843 Nec
570 785 689 842 dubium
713 795 759 842 est
780 785 816 842 de
839 784 963 842 Graecis
987 787 1117 862 Aegypti
1144 788 1186 845 ita
1207 787 1308 863 aliquo
1336 789 1424 846 modo
1447 789 1565 846 civitate
1589 789 1650 846 llo-

317 904 408 942 mana
428 886 632 962 impertiendis
660 896 819 963 propterea
842 888 971 945 maxime
993 892 1186 946 constitutum
1214 907 1295 960 esse,
1323 898 1356 946 ut
1381 891 1450 948 inde
1476 893 1590 950 tirones
1618 891 1647 948 in

317 987 450 1062 legiones
479 989 682 1064 Aegyptiacus
709 989 767 1064 legi
801 998 933 1065 possent.
967 1021 1005 1032 ·-
1038 989 1121 1047 Idem
1156 991 1305 1066 colligitur
1337 1011 1374 1049 ex
1408 994 1486 1050 tribu
1521 992 1648 1050 militurn

318 1090 580 1164 Aegyptiacorum.
629 1091 662 1148 ln
690 1092 831 1168 Aegypto
860 1092 910 1166 qui
938 1103 1109 1150 meruerunt
1134 1094 1276 1169 perpauci
1305 1113 1343 1151 ex
1371 1093 1461 1152 Italia
1492 1103 1521 1152 et
1549 1090 1651 1153 Gallia

317 1191 462 1264 homiueS,
484 1192 593 1249 tribum
615 1193 726 1251 habent
747 1211 819 1250 saac
842 1192 968 1268 quisque
990 1193 1124 1269 originis,
1147 1195 1351 1254 vercellensis
1373 1197 1547 1268 Aniensem,
1570 1196 1649 1272 Lug-

317 1293 461 1352 dunensis
484 1293 648 1365 Galeriam,
674 1306 704 1351 et
724 1295 801 1352 idem
824 1294 1000 1351 observatur
1023 1295 1050 1351 in
1074 1297 1175 1372 paucis
1198 1315 1274 1372 quae
1296 1317 1333 1354 ea
1354 1306 1450 1355 aetate
1472 1299 1503 1355 in
1526 1296 1650 1356 Oriente

318 1394 434 1452 fuerunt
464 1396 591 1453 coloniis
624 1397 832 1471 municipiisve
866 1396 971 1453 ciclum
999 1395 1219 1470 Romanorum,
1254 1407 1288 1455 ut
1314 1399 1491 1475 Berytensis
1522 1399 1648 1458 Fabiam

318 1497 407 1554 babet
433 1505 463 1554 et
489 1497 617 1554 fortusse
644 1497 747 1555 eodem
777 1499 840 1554 inre
869 1496 1017 1554 Uticensis
1045 1495 1210 1569 Quirinum.
1262 1499 1382 1576 Reliqui
1410 1501 1521 1559 milites
1544 1519 1648 1560 ornnes

318 1617 383 1656 curu
407 1599 526 1656 domum
549 1599 731 1676 adscriptam
755 1598 885 1656 babeant
907 1601 1026 1656 civitate
1050 1600 1187 1658 Romana
1207 1609 1355 1660 carentem
1379 1603 1426 1660 rel
1453 1603 1527 1660 adeo
1550 1613 1652 1661 castra

317 1701 399 1776 ipsa,
432 1701 547 1758 scilicet
572 1701 773 1777 Aegyptiace,
807 1702 849 1757 ita
878 1702 907 1758 in
938 1702 1083 1778 legionem
1110 1703 1178 1760 lecti
1205 1705 1265 1761 sint
1290 1721 1412 1762 necessa
1438 1713 1497 1776 est,
1530 1715 1651 1763 utana

318 1819 383 1859 cum
406 1803 523 1878 cingulo
546 1803 694 1861 civitatem
717 1803 895 1879 acciperent.
940 1803 974 1859 Id
998 1805 1067 1861 inde
1089 1806 1291 1876 confirmatur,
1313 1805 1392 1881 quod
1414 1825 1577 1882 quaecum
1601 1808 1650 1865 his

317 1904 455 1963 domibus
478 1903 635 1962 coniuncta
655 1905 804 1963 iuvenitur
825 1906 921 1963 tribus
943 1905 1012 1962 alibi
1035 1906 1096 1963 alia
1118 1915 1171 1964 est.
1213 1907 1261 1965 Ita
1282 1909 1312 1966 in
1335 1909 1392 1964 hoc
1414 1909 1481 1984 ipso
1504 1908 1651 1967 laterculo

318 2006 356 2064 ad
379 2006 506 2064 Tarium
530 2007 618 2064 modo
642 2006 744 2064 Pollia
767 2007 921 2082 adscripta
942 2017 997 2080 est,
1021 2008 1109 2064 modo
1127 2006 1241 2086 Sergia,
1263 2010 1292 2066 in
1309 2009 1423 2068 Dacico
1447 2017 1544 2068 antem
1569 2011 1658 2069 titulo

318 2109 392 2183 (vol.
410 2109 471 2182 ΙΙΙ,
497 2109 590 2182 1803)
619 2107 756 2178 Collina;
790 2109 913 2184 Ancyra
934 2129 1000 2167 eum
1024 2110 1072 2167 hic
1094 2127 1213 2186 semper
1234 2129 1299 2169 cum
1323 2111 1425 2170 Pollia
1446 2113 1593 2189 iungatur,
1622 2114 1654 2172 iu

317 2210 470 2268 latereulis
486 2210 607 2268 urbanis
630 2210 670 2286 (v.
687 2209 764 2286 Ilplr.
777 2209 823 2266 IV
846 2229 875 2286 p.
889 2209 963 2285 324)
986 2221 1016 2268 et
1036 2212 1066 2268 in
1083 2213 1169 2268 titulo
1181 2214 1365 2288 Aquincensi
1382 2214 1472 2289 (Eph.
1485 2215 1517 2272 ΙΙ
1531 2235 1560 2273 n.
1575 2215 1650 2290 699)

318 2312 444 2370 Fabium
472 2312 613 2382 adsumit3
641 2311 766 2368 eandem
794 2311 921 2370 lor-tasse
944 2312 1065 2387 Paphos
1091 2314 1119 2370 in
1148 2315 1235 2372 titulo
1259 2313 1440 2374 Germanico
1466 2317 1650 2390 (Brambacb

319 2412 467 2472 C.I.Rb.
494 2433 523 2470 n.
542 2413 652 2488 1108),
685 2431 761 2488 quaa
789 2413 837 2471 liic
863 2413 899 2469 ud
930 2413 1091 2472 Aniensem
1118 2417 1261 2488 refertum
1296 2416 1493 2475 Alexandrini
1521 2419 1651 2494 denique

318 2515 406 2573 huius
429 2514 566 2572 laterculi
587 2533 654 2572 cum
678 2533 781 2572 ornnes
805 2515 865 2572 sint
884 2515 1008 2588 Polliae,
1031 2517 1061 2574 in
1085 2517 1169 2574 titula
1185 2516 1386 2594 Neapolitano
1409 2518 1481 2579 (ΙΙ.
1495 2518 1549 2578 Gr.
1566 2519 1651 2578 5804

317 2617 466 2675 invenitur
486 2617 561 2674 civis
583 2635 684 2674 eorum
709 2617 879 2693 adscriptus
903 2616 1056 2691 Quirinus.

362 2717 451 2777 Cives
473 2717 529 2776 hos
551 2719 672 2776 civitate
693 2717 830 2776 Romana
850 2719 976 2777 donatus
1000 2730 1112 2795 patrem
1136 2721 1196 2779 cire
1218 2741 1321 2781 omncs
1345 2731 1457 2782 tanturn
1489 2725 1587 2797 abest,
1616 2735 1651 2783 ut

318 2821 463 2892 offendat,
492 2827 524 2878 nt
546 2821 620 2878 adeo
643 2819 842 2878 coniecturam
873 2821 1040 2893 confirmet;
1068 2841 1151 2894 nam,
1180 2831 1211 2880 ut
1237 2825 1312 2883 benc
1341 2827 1456 2884 monuit
1477 2826 1650 2885 Huelseuus

319 2933 429 2996 noster,
451 2922 552 2980 nullus
574 2941 674 2980 eorum
698 2931 811 2998 patrem
834 2923 923 2982 babet
944 2927 1136 3000 praenomine
1159 2925 1289 2999 diverso,
1313 2927 1341 2984 id
1367 2927 1446 3004 qnod
1473 2929 1649 3004 praesertim

319 3027 349 3084 in
372 3025 459 3084 titulo
482 3025 545 3082 eius
568 3025 690 3096 aetatis,
720 3043 780 3099 qua
800 3027 1023 3101 praenominum
1052 3045 1125 3086 usus
1148 3028 1244 3086 adbuc
1273 3030 1359 3102 plene
1385 3030 1515 3108 vigebat,
1537 3031 1652 3089 indicat

318 3137 419 3206 patres
441 3146 480 3184 ex
500 3127 582 3185 bona
601 3135 685 3203 parte
707 3127 833 3184 liuticios
855 3145 923 3185 esse
945 3137 975 3186 et
993 3145 1054 3185 una
1070 3149 1134 3186 enrn
1151 3131 1229 3187 tribu
1245 3139 1274 3188 et
1290 3132 1409 3190 clritate
1424 3131 1597 3210 adsumptos
1609 3128 1651 3209 ¹).

362 3228 488 3288 Cuinam
512 3229 601 3287 tribui
624 3228 711 3286 liuius
733 3227 852 3305 generis
875 3229 986 3288 tirones
1008 3229 1256 3302 adscriberentur,
1279 3233 1343 3290 sine
1366 3233 1456 3292 dubio
1480 3252 1589 3310 magna
1611 3254 1652 3292 ex

319 3341 404 3407 parte
426 3333 463 3388 ab
485 3331 609 3388 arbitrio
631 3331 821 3406 imperatoris
845 3333 892 3388 rel
915 3333 970 3390 sub
993 3351 1028 3389 eo
1050 3333 1124 3390 baec
1145 3335 1278 3392 curantis
1301 3335 1458 3410 pendebat,
1481 3354 1576 3412 neque
1592 3353 1651 3394 nos

320 3441 397 3490 certe
414 3449 601 3508 quaeremus,
613 3433 639 3490 si
655 3435 775 3490 omnino
792 3432 828 3489 de
844 3451 879 3490 ea
895 3453 926 3490 re
942 3435 1080 3509 quaestio
1095 3435 1209 3493 institui
1223 3445 1330 3510 potest,
1343 3455 1396 3494 cur
1408 3435 1573 3496 Turienses
1588 3447 1650 3495 tres

319 3533 349 3591 in
370 3531 505 3610 Sergiam
527 3533 612 3592 relati
629 3534 698 3604 sint,
721 3533 899 3593 Nicaeensis
915 3535 944 3592 in
961 3535 1125 3611 Papiriam,
1147 3537 1282 3614 Paphius
1297 3539 1327 3596 in
1344 3538 1515 3612 Aniensem,
1537 3539 1652 3598 Parae·

319 3636 464 3694 toniensis
478 3637 508 3694 in
520 3635 689 3712 Pupiniam.
712 3635 781 3695 Non
797 3655 867 3696 casu
884 3645 981 3696 tamen
998 3639 1108 3696 lactum
1125 3649 1180 3709 est,
1195 3639 1273 3714 qnod
1290 3640 1377 3716 longe
1393 3641 1526 3716 plerique
1543 3641 1650 3699 horum

319 3737 446 3794 rnilitum
463 3739 654 3796 inveniuntur
669 3739 811 3815 adscripti
826 3739 950 3808 l'olliae,
961 3760 1058 3816 neque
1072 3741 1103 3798 id
1118 3749 1211 3798 totum
1224 3760 1332 3799 novum
1346 3751 1401 3800 cst.
1425 3741 1557 3800 Eandem
1571 3743 1649 3800 enirn

320 3839 429 3897 tribum
453 3859 523 3916 prae
546 3859 579 3898 se
594 3841 694 3898 lerunt
709 3840 825 3912 milites,
849 3841 956 3916 quibus
972 3861 1026 3916 pro
1042 3842 1156 3917 origine
1171 3851 1271 3900 castra
1286 3843 1437 3920 adscripta
1452 3853 1531 3916 sunt,
1554 3845 1652 3902 adbuc

320 3941 381 3998 noti
404 3959 517 4016 ornnes,
541 3960 635 4018 neque
658 3961 910 4018 supervacaneum
934 3944 991 4000 erit
1011 3943 1149 4019 exempla
1170 3945 1268 4003 adhuc
1286 3946 1405 4003 inventu
1420 3965 1597 4024 componere
1607 3941 1649 4024 ²).

320 4133 525 4142 ——n-——4

379 4269 403 4334 ¹)
423 4273 493 4322 Haec
512 4271 707 4338 praenominum
728 4271 806 4338 patris
827 4272 922 4338 filiique
942 4273 1008 4324 ratio
1028 4273 1104 4324 etiam
1130 4273 1206 4326 latins
1228 4273 1354 4340 pertenit.
1399 4275 1471 4327 Inter
1494 4277 1652 4342 legionarios

321 4363 408 4414 titulos
427 4365 529 4414 sacculo
548 4365 632 4429 primo
652 4366 760 4429 scriptos
780 4381 844 4429 quos
870 4367 992 4416 liubemns
1017 4369 1061 4432 qni
1084 4367 1160 4432 longe
1185 4369 1295 4433 primum
1322 4369 1405 4419 locum
1433 4377 1520 4420 tenent
1539 4371 1650 4435 Mogon-

321 4458 453 4517 circenses,
474 4472 505 4505 ex
525 4459 660 4521 sexaginta
678 4464 774 4522 septem
788 4457 953 4508 Brambaclrii
972 4475 997 4510 n.
1011 4461 1190 4510 1141—1225
1212 4475 1368 4525 praenomen
1381 4469 1517 4527 ntrnrnque
1532 4463 1652 4527 ponenti-

320 4550 367 4598 bus
387 4547 457 4598 XIII
476 4555 573 4598 tantum
594 4556 727 4613 paternum
747 4565 763 4599 a
782 4551 828 4599 lilii
848 4551 975 4600 diversam
999 4551 1108 4612 habent,
1133 4553 1200 4602 idern
1221 4554 1290 4602 LIV.
1333 4555 1393 4603 Iure
1417 4555 1477 4603 inde
1501 4555 1651 4618 colligemus

321 4642 346 4690 in
362 4640 402 4689 his
416 4655 517 4706 qnoque
531 4642 675 4706 complures
689 4649 776 4706 patres
789 4644 915 4692 recenseri
930 4660 987 4693 cum
1001 4645 1104 4694 civitate
1117 4652 1143 4694 et
1156 4652 1261 4710 propter
1274 4660 1330 4694 eam
1345 4646 1408 4695 larris
1420 4647 1523 4696 fictione
1536 4645 1650 4696 effectos.

321 4757 355 4768 —
375 4733 523 4783 Posteriora
542 4741 625 4783 aetate
644 4733 736 4784 iratres
756 4735 869 4785 eiusdem
889 4737 1065 4800 praenominis
1084 4738 1178 4801 passim
1198 4737 1359 4801 reperiuntur
1378 4745 1404 4786 et
1423 4745 1556 4802 paternum
1576 4753 1651 4803 prae-

321 4839 416 4874 nomen
436 4823 470 4874 ad
489 4825 556 4875 filios
576 4841 653 4891 saepe
672 4827 709 4876 ita
727 4827 780 4876 lere
800 4827 933 4878 deseendit
952 4836 979 4878 ut
998 4829 1100 4893 patroni
1119 4829 1152 4878 ad
1172 4829 1285 4878 libertos.

378 4914 404 4980 π)
427 4913 520 4967 Castra
539 4933 591 4968 non
609 4919 739 4982 adscripta
757 4919 824 4969 tribu
844 4921 1006 4985 reperiuntur
1029 4921 1055 4969 in
1079 4921 1213 4984 priuilegio
1238 4921 1298 4968 dato
1319 4935 1341 4971 a.
1358 4923 1408 4971 118
1434 4924 1512 4988 equiti
1538 4921 1651 4973 cohortis

320 5005 518 5060 lNumidurnm
537 5006 641 5060 Valerio
659 5007 747 5059 l'oleri
757 5011 782 5074 s.
803 5007 902 5061 Valenti
920 5010 1033 5073 custr(r'c)
1053 5011 1129 5076 (Eph.
1144 5011 1183 5060 IV
1203 5027 1228 5075 p.
1240 5011 1313 5074 504),
1333 5013 1393 5062 item
1413 5017 1507 5079 passIm
1527 5015 1553 5064 in
1573 5015 1649 5064 later-

321 5102 384 5150 culis
409 5109 549 5152 castrorum
569 5102 835 5152 Lambaesitanornm.
879 5103 980 5153 Titulus
1003 5103 1135 5152 votvm
1157 5119 1183 5152 n.
1199 5103 1285 5166 2950,
1312 5119 1386 5168 quem
1407 5107 1595 5156 Wilmannsius
1618 5106 1651 5155 ad

322 5201 406 5243 castra
429 5196 521 5256 traxit,
552 5194 691 5244 seeundum
717 5195 859 5259 exemplum
886 5195 1022 5246 Schmidtii
1047 5195 1083 5243 sie
1108 5195 1193 5259 potins
1219 5201 1270 5244 estc
1300 5193 1336 5244 at.
1357 5194 1452 5258 Inlr'n[e
1476 5195 1512 5247 dl.
1524 5197 1562 5261 f.]
1593 5197 1651 5250 Pul.

325 5281 436 5350 Gaudos]
457 5302 509 5336 car.
530 5286 578 5352 ley.
599 5283 661 5349 Ι[ΙΙ
678 5285 757 5352 Any]
