3476 5928
84 643 140 693 rm
510 636 737 692 aversarum.
792 640 949 692 acuam.
1327 617 1396 692 601

118 813 228 872 Titulus
250 813 373 872 artificis
396 832 461 871 curn
485 815 527 872 ita
549 823 691 874 exaratus
720 815 772 887 sit,
802 822 834 873 ut
860 814 1008 874 secundus
1033 831 1140 873 versus
1167 813 1315 890 utrimque
1341 833 1401 872 una

79 915 166 972 littera
186 916 304 974 brevior
326 917 365 974 sit
386 935 474 992 quam
491 917 581 992 prior,
605 917 630 975 si
645 915 757 975 Latina
776 917 866 976 simili
882 917 1092 994 aequabilitate
1108 917 1256 993 disposita
1269 916 1399 988 fuerunt,

79 1019 105 1075 in
125 1017 263 1093 principio
286 1037 393 1076 versus
422 1019 529 1094 prioris
559 1019 769 1077 desiderantur
795 1021 913 1078 litterae
942 1039 968 1078 c.
985 1017 1040 1092 22,
1074 1019 1211 1078 nimirum
1239 1036 1293 1077 sex
1322 1037 1399 1094 quae

78 1121 286 1196 respondebant
313 1120 474 1197 deperditis
497 1137 620 1194 vrurvr,
655 1123 782 1180 sedecim
812 1132 910 1181 autem
939 1123 1067 1199 scriptae
1093 1140 1183 1198 super
1210 1121 1340 1198 spatium
1368 1123 1398 1178 in

78 1221 196 1280 secundo
218 1241 305 1281 versu
327 1233 396 1300 post
418 1238 500 1282 aueo
523 1243 648 1282 vacuum
671 1225 817 1284 relictum.
855 1221 916 1283 Sed
931 1232 1031 1300 potest
1045 1224 1114 1282 item
1131 1241 1235 1282 versus
1251 1224 1398 1282 secundus

77 1325 177 1400 pariter
198 1333 287 1402 atque
308 1328 424 1402 primus
447 1345 465 1382 a
486 1327 621 1402 margine
642 1327 810 1403 incepisse3
833 1345 939 1404 parum
961 1327 1053 1403 igitur
1076 1333 1194 1385 constat
1216 1325 1252 1384 de
1273 1345 1398 1384 numero

75 1426 227 1486 litterarum
252 1427 482 1504 deperditarum.
526 1428 629 1486 Prima
651 1429 750 1486 littera
772 1448 791 1486 a
813 1428 977 1487 Reinaehio
999 1429 1030 1487 in
1053 1449 1085 1488 re
1107 1429 1259 1506 praesenti
1282 1429 1325 1486 sic
1347 1448 1398 1487 ex·

74 1537 152 1604 cepta
172 1545 272 1602 rvru,
295 1549 361 1588 curn
384 1532 415 1588 in
437 1537 543 1607 ectypo
566 1538 704 1588 cernatur
719 1509 838 1604 (svn,
861 1537 960 1606 potest
981 1529 1077 1590 fuisse
1100 1549 1108 1588 1
1131 1531 1179 1590 vel
1201 1549 1232 1589 τ.

111 1630 336 1707 Inscriptionem
364 1633 453 1708 plane
480 1633 663 1711 singularem
693 1633 737 1691 sic
762 1634 869 1710 opinor
894 1633 1155 1710 redintegrandam
1183 1651 1250 1692 esse
1279 1634 1398 1692 nomine

74 1733 179 1791 scilicet
201 1735 331 1811 exempli
354 1753 446 1794 causa
467 1736 581 1810 posito:
605 1734 652 1810 [0.
670 1735 799 1792 Mariam
819 1734 850 1793 C.
867 1737 894 1810 s.
919 1736 1053 1812 legebam
1067 1735 1268 1794 Alexandreae
1286 1734 1399 1794 Italicei

73 1840 131 1908 quei
148 1837 232 1910 suere
258 1837 332 1912 [mm
359 1855 389 1894 eo
415 1839 454 1896 ibi
479 1837 606 1912 obtudit
634 1838 800 1913 beneficique
828 1857 902 1914 erpo.
958 1830 1056 1916 [Γάιον
1084 1829 1191 1919 Me'prev
1218 1829 1303 1894 Γαίου
1332 1861 1397 1920 πρε·

72 1929 208 2015 σβευ]τὴν
231 1940 256 1998 οἱ
278 1937 305 1996 ἕν
319 1932 524 2021 Ἀλεξανδρείᾳ
547 1931 614 2016 [udo
637 1933 717 2016 αὐτῷ
738 1931 880 2016 γενόμενοι
897 1930 1035 2017 Ιταλικ]οἶ
1055 1934 1156 2020 ἀρετῆς
1170 1929 1218 1996 uari
1234 1931 1400 2022 sv’spysor'ne

73 2026 196 2119 [ἕνεκεν]Ι
235 2042 437 2102 Accusativus
460 2060 515 2119 pro
538 2041 637 2100 dativo
653 2040 770 2100 Latinis
793 2043 884 2101 solito
907 2061 966 2101 nou
983 2042 1109 2101 offendit
1123 2041 1153 2100 iu
1169 2041 1256 2100 titulo
1272 2043 1398 2119 bilingui

71 2139 199 2201 dedicato
224 2149 254 2202 in
281 2143 423 2216 Graecia3
457 2144 595 2203 similiter
622 2144 652 2201 in
676 2144 791 2220 Argivo
815 2143 926 2216 0111,
949 2145 1009 2204 532
1038 2143 1173 2203 dedicato
1202 2162 1228 2203 a.
1247 2165 1274 2202 u.
1291 2163 1315 2203 c.
1337 2145 1397 2204 687

70 2242 203 2318 legimus:
232 2247 269 2318 Q.
291 2247 456 2305 lllaarcr'unr
484 2247 517 2317 Q.
541 2247 579 2322 [f.
602 2246 718 2322 Reqera]
741 2246 855 2304 Italicei
875 2250 941 2323 quei
960 2245 1155 2322 nepotian[tar
1176 2246 1304 2324 Arpeis]‚
1327 2247 1397 2306 item

70 2335 176 2403 Ko'rvrrv
195 2338 360 2429 Macr'pme[u
381 2339 514 2426 Kor'erou
537 2342 596 2404 υἶδν
614 2345 709 2425 Ῥῆγα
729 2341 899 2426 Ἰταλ[ικοι’]
923 2358 977 2407 cet.
1003 2380 1044 2391 -
1066 2348 1115 2407 Ad
1139 2349 1261 2426 legatam
1283 2358 1312 2409 et
1333 2371 1399 2432 πρε·

70 2437 190 2518 adsurde
212 2469 281 2509 cum
298 2450 426 2526 vestigia
442 2450 553 2509 ducunt
573 2459 633 2508 tum
657 2451 761 2508 titulus
777 2449 853 2507 alter
864 2450 1008 2509 Deliaeus
1024 2448 1311 2527 (onerasset)
1331 2471 1397 2512 cum

69 2547 119 2606 hoc
140 2571 175 2608 eo
197 2561 279 2611 certe
301 2555 422 2611 nomine
444 2554 629 2623 coniunctus,
652 2552 732 2628 quod
751 2553 915 2610 statuarius
931 2553 1008 2610 idem
1024 2552 1212 2631 subscriptus
1228 2562 1289 2612 est:
1311 2546 1398 2612 Γάιον

68 2647 203 2722 Βιλλιῃνὲν
229 2646 319 2711 I'cer'cv
347 2649 405 2712 v‘rdv
433 2645 616 2738 πρεσβευτὴν
642 2651 771 2720 Ῥωμαῖοι
801 2653 824 2711 oi
853 2651 880 2711 ἓν
908 2644 992 2728 Δήλῳ
1021 2644 1202 2737 ἓργαζᾶμενοι
1231 2648 1398 2738 εὐεργεσίας

68 2740 150 2809 ἕνεκεν
171 2757 222 2826 τῆς
244 2755 285 2817 εἷς
307 2750 425 2818 {auroris
447 2747 604 2826 ἀνέθηκαν.
648 2747 786 2832 Αγασῖας
798 2749 963 2832 Μηνοφίλου
983 2747 1116 2834 Ἐφέσιος
1138 2748 1231 2826 ducier,
1250 2747 1399 2840 ’Apr'rrarr-

69 2847 126 2935 ὅρος
146 2848 253 2920 iadau
272 2848 377 2940 Πάριος
398 2848 640 2934 ἔπεσκεόαπνῑ).
664 2893 699 2902 -
726 2857 811 2932 Quae
834 2867 999 2935 sequuntur
1020 2859 1112 2918 verba
1133 2861 1252 2936 linguae
1271 2858 1399 2920 Latinae

68 2954 140 3033 leges
163 2979 222 3018 uon
247 2961 351 3019 sinunt
372 2961 414 3018 ita
436 2961 545 3038 accipi,
573 2961 659 3036 quasi
684 2961 826 3039 scriptum
848 2961 926 3020 foret
948 2963 1061 3021 Italicae·
1085 2967 1149 3039 quei
1163 2964 1249 3037 suere
1270 2957 1398 3023 Aleuae-

68 3059 161 3130 dreue,·
186 3081 259 3122 nam
283 3065 320 3122 ab
343 3063 487 3121 eiusmodi
509 3064 743 3142 transpositione
767 3082 866 3122 sermo
893 3064 1043 3141 legitimus
1071 3065 1223 3138 abhorret,
1251 3083 1306 3124 nec
1331 3086 1398 3142 per-

67 3159 168 3222 lectum
191 3165 236 3223 ita
259 3174 339 3224 recte
361 3165 492 3240 positum
515 3174 568 3238 est,
592 3185 658 3224 cum
681 3165 771 3225 hosce
794 3166 896 3225 titulos
919 3165 1056 3225 dedicare
1079 3167 1193 3225 soleant
1214 3167 1265 3242 qui
1289 3168 1398 3226 alicubi

68 3269 218 3325 consistant
240 3267 288 3326 vel
310 3271 499 3344 sepeliuntur.
537 3268 586 3326 Ab
609 3268 704 3326 altera
726 3277 822 3328 autem
848 3276 931 3344 parte
947 3267 1147 3326 Alexandreae
1168 3269 1194 3324 si
1209 3269 1400 3345 coniungitur

67 3382 126 3423 cunr
149 3369 185 3427 iis
208 3389 288 3446 quac
310 3369 500 3448 praecedunt,
526 3377 557 3426 ut
579 3369 700 3427 omnino
724 3370 903 3446 iungendum
926 3379 981 3441 est,
1004 3370 1096 3427 verba
1110 3370 1225 3428 Italicei
1240 3372 1398 3447 queisuere

67 3467 198 3529 absolute
221 3473 324 3548 posita
346 3471 496 3548 quomodo
512 3471 655 3547 explicari
678 3473 799 3549 possint
820 3489 877 3530 non
901 3471 1064 3548 perspicio;
1087 3490 1155 3532 uam
1179 3470 1215 3530 de
1237 3489 1295 3548 quo
1317 3471 1399 3548 eogi-

68 3571 121 3626 tari
144 3571 270 3632 ltalicos
293 3576 494 3650 negotiatores
516 3573 629 3631 maiore
652 3591 688 3630 ex
712 3583 796 3650 parte
818 3573 918 3632 Latini
942 3572 1015 3632 iuris
1038 3573 1174 3632 homines
1197 3573 1316 3632 civitate
1345 3574 1400 3631 im·

66 3679 179 3744 petrata
201 3685 276 3752 post
296 3676 407 3734 bellum
430 3677 542 3734 sociale
565 3675 719 3752 antiquum
742 3694 848 3734 nornen
872 3695 938 3734 cum
961 3693 1040 3734 novo
1063 3675 1170 3734 civium
1193 3676 1399 3735 Romanorum

65 3779 294 3850 permutavisse,
315 3778 344 3836 id
368 3797 402 3836 eo
425 3779 582 3850 refellitur,
605 3779 685 3854 quod
708 3778 813 3855 reliqui
836 3778 955 3855 quidem
979 3777 1056 3836 tituli
1078 3778 1260 3837 recentiores
1276 3785 1400 3836 utuntur

67 3875 170 3937 ciuium
184 3880 391 3940 Romanorum
412 3881 571 3951 vocabulo,
594 3879 645 3938 sed
669 3880 772 3938 titulus
785 3880 929 3939 Deliacos
952 3880 1021 3938 anni
1037 3879 1098 3940 680
1113 3880 1194 3956 (uide
1209 3881 1245 3940 ad
1261 3901 1290 3938 n.
1305 3879 1399 3955 1410)

65 3986 93 4034 et
114 3982 174 4040 duo
197 3982 281 4040 tituli
303 3983 408 4058 Argivi
432 3983 501 4040 anni
518 3983 577 4041 685
601 3981 651 4058 (Q.
671 3981 795 4042 Caecilio
812 3981 843 4041 C.
860 3986 888 4058 s.
903 3982 1009 4040 Metelo
1031 3986 1199 4058 imperatori
1219 3983 1315 4042 Italici
1337 3986 1402 4058 quei

66 4079 168 4156 Arper's
190 4088 377 4161 reportantur
398 4083 598 4160 0.111,531)
622 4095 652 4143 et
667 4085 725 4143 687
750 4084 830 4160 (vide
853 4085 956 4161 supra)
980 4085 1132 4160 antiquam
1157 4085 1401 4144 consuetudinem

63 4185 201 4260 retinent,
226 4187 393 4262 retinetque
416 4189 486 4245 item
509 4197 611 4246 auctor
630 4185 831 4245 Caesarianus
854 4187 918 4244 bell.
934 4186 1002 4263 Asr.
1020 4188 1069 4246 36.
1111 4187 1276 4246 Praeterea
1296 4188 1400 4245 haere·

64 4304 126 4344 mus
149 4289 180 4345 in
198 4287 338 4360 Graecis,
364 4307 441 4364 quae
463 4290 545 4348 hisce
560 4287 679 4348 Latinis
703 4289 883 4364 respondere
904 4307 999 4365 paene
1021 4299 1132 4348 certum
1155 4297 1213 4362 est3
1236 4309 1305 4348 nam
1321 4288 1400 4364 quod

63 4400 201 4466 superest
224 4389 249 4447 ei
271 4387 299 4447 ἐν
318 4385 523 4473 Ἀλεξανδρείᾳ
547 4433 637 4450 .....
651 4415 674 4448 οι
696 4391 826 4449 ostendit
847 4391 963 4449 titulum
987 4391 1117 4468 positum
1142 4409 1210 4450 esse
1232 4392 1270 4449 ab
1285 4390 1400 4448 Italicis

62 4493 251 4552 morantibus
274 4493 435 4553 moratisre
452 4493 669 4552 Alexandreae.
707 4491 765 4551 His
787 4493 1014 4551 difficultatibus
1037 4494 1080 4551 ita
1101 4493 1219 4551 obuiam
1242 4493 1285 4550 ire
1308 4491 1400 4565 volui,

62 4601 91 4649 ut
113 4595 199 4652 urbis
225 4596 402 4654 vocabulum
424 4602 454 4654 et
473 4596 511 4654 ad
526 4596 657 4673 legatum
681 4596 841 4654 referretur
863 4594 952 4654 etad
975 4594 1097 4654 Italicos
1121 4594 1327 4672 supplemento
1350 4592 1400 4650 ad·

60 4695 152 4754 misso
183 4698 302 4756 incerto
332 4716 418 4770 saue,
457 4697 509 4758 sed
538 4699 617 4774 quod
645 4699 744 4774 ipsum
773 4717 831 4755 non
859 4695 991 4755 offendat
1018 4704 1049 4754 et
1074 4697 1112 4754 ad
1139 4697 1293 4772 utriusque
1321 4694 1400 4752 tituli

60 4799 207 4874 reliquias
232 4797 321 4856 facile
344 4808 471 4876 aptetur.
489 4832 526 4842 -
544 4800 637 4858 Aetas
660 4799 737 4857 tituli
761 4799 974 4858 determinatur
996 4817 1031 4858 eo
1047 4818 1133 4877 quern
1150 4817 1242 4875 supra
1255 4796 1356 4855 rettuli
1372 4805 1402 4854 et

59 4897 186 4960 huiusce
210 4901 432 4977 quodammodo
454 4902 611 4978 gemellum
639 4918 706 4959 esee
734 4901 937 4960 demonstravi
966 4899 1001 4961 O.
1024 4900 1155 4960 Billieni.
1202 4899 1294 4958 Hunc
1320 4899 1399 4956 enim

58 5001 213 5062 intellexit
237 5001 409 5062 Boeckhiue
437 5021 504 5064 esse
532 5002 566 5064 C.
589 5003 750 5062 Billieaum
779 5023 845 5062 eum
876 5005 926 5078 qui
955 5011 1031 5063 teste
1059 5001 1203 5062 Cicerone
1233 4999 1332 5077 (Brut.
1350 4999 1401 5073 47,

117 5231 142 5294 ¹)
163 5232 269 5284 Eadem
289 5233 440 5299 subscriptio
461 5225 601 5302 (ἈγασΙας
619 5260 643 5271 -
664 5222 841 5298 tetrardorum)
861 5241 899 5285 eet
918 5235 945 5284 in
964 5235 1040 5286 tertia
1059 5233 1114 5285 basi
1130 5247 1212 5300 nuper
1224 5239 1327 5298 reperta
1338 5230 1402 5282 Deli

56 5325 128 5376 edite
150 5323 216 5376 butt.
239 5323 270 5375 de
290 5341 355 5377 corr.
375 5323 434 5376 tell.
455 5326 470 5377 5
490 5342 516 5390 p.
530 5327 593 5377 462.

141 5432 182 5494 V.
1135 5437 1172 5496 39
