3332 5932
52 617 133 664 rocon
456 611 657 666 rnovrnom
684 613 861 666 numum.
1256 587 1329 662 393

50 787 88 844 itu
103 788 194 847 hebere
213 805 266 847 nos
288 807 382 865 paene
403 788 647 868 redintegratum.
682 788 833 849 Fecerunt
848 788 1028 849 tabularium
1044 787 1181 866 optiones
1199 787 1333 864 quinque

48 890 143 948 cohortis
156 891 259 966 primse
273 892 436 952 enumerati
451 893 482 950 in
496 892 691 970 inscriptione
706 893 858 969 primarie,
871 893 954 950 ouius
967 909 1043 968 quse
1055 891 1199 967 proposui
1212 889 1332 968 supple·

47 999 118 1050 nonts
134 991 202 1068 llplr.
216 992 259 1051 lv
279 1013 308 1072 p.
324 992 382 1053 227
405 995 465 1053 ism
487 995 710 1066 confirmentur,
733 994 983 1071 confirmaturque
1005 994 1075 1052 item
1091 1012 1157 1052 cum
1173 994 1230 1051 hoc
1245 992 1333 1052 titolo

19 1133 21 1138 .
45 1104 88 1151 tun
104 1094 182 1154 sltcro
201 1095 338 1155 tsbulsrii
361 1097 527 1168 instaurati,
550 1096 581 1154 id
603 1096 684 1174 quod
706 1096 801 1156 multo
824 1096 946 1156 maioris
965 1095 1106 1155 momenti
1123 1103 1178 1169 est,
1201 1114 1333 1154 versure

43 1195 218 1273 inposuisse
238 1199 353 1276 primus
375 1199 489 1258 cohorti
512 1199 642 1275 quinque
664 1207 778 1258 tantum
800 1199 990 1259 centuriones
1012 1198 1179 1276 praefuisse
1205 1197 1332 1256 nullum·

44 1313 84 1385 que
100 1298 125 1356 in
143 1318 173 1358 es
191 1299 283 1360 fuisse
304 1301 396 1380 pilum
419 1301 626 1378 posteriorem.
664 1299 744 1360 Nom
766 1319 844 1378 quae
865 1321 904 1360 ex
925 1302 982 1360 hoc
1004 1300 1091 1359 titulo
1107 1299 1144 1359 cle
1159 1299 1332 1376 optionibus

44 1398 189 1477 colliguntur,
210 1403 273 1479 puri
295 1405 360 1463 iure
381 1403 420 1464 sd
442 1404 630 1462 centuriones
653 1422 772 1481 quoque
793 1405 968 1463 referentur.
993 1437 1031 1447 -
1055 1403 1138 1462 Idem
1154 1403 1331 1462 tabularium

44 1501 169 1562 reiecerunt
181 1503 294 1578 deiude,
316 1513 392 1565 teste
413 1506 500 1564 titulo
523 1506 689 1582 posteriore
707 1506 847 1583 bipertito
864 1506 1014 1582 adscripto
1026 1503 1073 1563 'sd
1096 1505 1192 1564 lutere
1212 1505 1333 1582 prioris,

43 1613 125 1678 practer
142 1607 300 1686 principem
322 1609 458 1686 optiones
481 1609 614 1666 cohortis
636 1609 762 1684 primas,
789 1608 902 1668 scilicet
922 1607 1054 1685 quinque
1076 1608 1097 1666 ii
1119 1608 1175 1684 qui·
1191 1607 1332 1684 deinceps

43 1719 222 1784 enumerantur,
250 1710 468 1782 mediatores,
496 1711 611 1768 scilicet
633 1709 691 1769 duo
719 1711 835 1770 librarii
862 1711 1006 1788 principis
1033 1711 1064 1768 iu
1090 1709 1149 1768 fine
1178 1709 1336 1787 adscripti.

42 1803 170 1869 librarium
191 1813 335 1888 principis
360 1831 502 1873 noramus
529 1831 568 1872 ex
594 1812 683 1871 titulo
706 1813 955 1891 Argentoratensi
976 1811 1173 1872 Henzenisno
1195 1832 1224 1871 n.
1242 1812 1333 1885 6778,

44 1907 166 1971 uictorem
185 1915 328 1992 principis
350 1933 389 1973 ex
412 1911 536 1974 Caseusi
551 1913 639 1986 vl11,
660 1913 740 1974 4332
770 1913 822 1990 (cf.
844 1915 922 1992 Eph.
938 1913 984 1972 IV
1007 1931 1037 1990 p.
1054 1911 1130 1990 232)
1137 1935 1145 1988 3
1174 1915 1232 1972 ium
1255 1915 1333 1976 refu·

46 2016 246 2076 tucouieoturs
267 2036 336 2076 mee
357 2017 393 2076 cle
414 2017 463 2076 his
478 2016 665 2076 adiutoribus
687 2016 806 2094 prolate
827 2016 847 2076 l.
864 2036 888 2076 o.
905 2037 933 2095 p.
947 2015 1007 2076 226
1031 2017 1197 2076 adiutorem
1213 2037 1281 2076 enm
1304 2025 1334 2076 et

49 2108 156 2176 librarium
170 2138 236 2178 eum
257 2138 317 2179 non
333 2121 391 2179 nisi
406 2120 523 2179 nomine
538 2119 657 2178 differre
672 2119 865 2196 intellegitur.
899 2119 982 2179 Bene
997 2127 1095 2178 sutem
1112 2120 1227 2179 monuit
1240 2120 1334 2178 Poul-

45 2210 77 2272 l'oc
87 2218 118 2276 ll.
128 2221 279 2280 Aurelium
293 2221 451 2296 Licinium,
467 2240 555 2299 quem
570 2222 619 2280 hic
634 2222 778 2282 hebemus
794 2222 871 2281 inter
882 2222 1019 2298 optiones
1035 2223 1167 2300 quinque
1182 2222 1233 2298 qui
1249 2223 1333 2282 tabu·

41 2311 114 2378 loton
133 2323 305 2396 refecerunt,
326 2324 424 2383 redire
445 2325 475 2382 in
499 2322 685 2384 Gemellensi
708 2344 735 2383 n.
754 2323 835 2384 2482
857 2325 928 2383 anui
944 2323 1019 2396 2533
1046 2325 1072 2384 is
1094 2343 1160 2384 oum
1182 2324 1334 2402 optionem

40 2419 146 2498 sinopis
166 2425 316 2487 diversum
339 2427 480 2497 nominet,
502 2425 652 2486 Licinium
676 2435 776 2486 sutem
798 2425 875 2486 uude
890 2426 1051 2502 optionem,
1075 2437 1143 2486 unte
1158 2425 1334 2486 Lambaesi-

40 2527 122 2596 tsnon‚
146 2529 278 2588 sednon
305 2529 400 2588 molto
427 2537 495 2588 sute
522 2529 675 2588 dedicatus
703 2529 743 2589 sit
769 2547 893 2588 necesse
921 2539 975 2588 est.
1023 2529 1130 2606 Itaque
1154 2529 1334 2589 instauratio

39 2621 141 2686 trbulsrii
155 2628 380 2691 Lambaesitoui
396 2632 554 2690 coniuncte
568 2631 624 2690 fuit
646 2650 713 2690 cnm
732 2631 921 2691 restitutione
935 2631 1060 2709 legionis
1074 2632 1172 2709 ipsius
1187 2631 1267 2690 lecto
1280 2632 1333 2690 im-

38 2741 126 2798 perante
140 2731 300 2793 Valeriano
322 2745 352 2792 et
372 2752 443 2812 pars
466 2734 529 2793 eius
552 2743 582 2793 et
603 2734 736 2810 sequela.
785 2733 920 2794 Titulum
942 2735 1119 2810 primarium
1146 2735 1250 2793 eodem
1272 2734 1334 2793 lere

37 2833 134 2906 tenpore
155 2837 298 2912 scriptum
321 2855 390 2895 csse
412 2847 501 2914 atque
524 2857 552 2896 n.
570 2835 661 2909 2654,
685 2837 797 2914 quippe
818 2838 848 2895 in
870 2855 930 2913 quo
952 2837 1076 2895 redeunt
1097 2837 1188 2912 iidem
1202 2837 1334 2914 quinque

36 2932 148 3009 optiones,
169 2938 239 2998 olim
263 2939 457 3014 observatum
472 2949 533 3012 est;
555 2939 675 3018 quondo
690 2939 793 3018 scripti
809 2939 880 3012 siut,
903 2940 1001 3000 adhue
1014 2939 1178 3016 ignoretur.
1206 2937 1266 2999 ΤΗ.
1278 2939 1333 3016 Μ.]

38 3119 513 3143 Μ’..-

38 3263 81 3330 tlt
98 3273 123 3334 in
136 3295 187 3336 srs
208 3281 273 3339 slte
296 3277 432 3353 m.1,04‚
454 3279 516 3340 lete
537 3279 619 3354 0‚86,
641 3296 746 3340 crosso
759 3280 841 3354 0,77,
863 3280 920 3340 litt.
937 3279 1022 3354 0‚11;
1046 3279 1158 3340 effosso
1172 3278 1336 3340 Lambaesi

62 3375 90 3432 od
107 3383 297 3453 praetorium.

573 3487 593 3524 Α
636 3484 654 3524 ll
696 3487 716 3524 Α

535 3583 807 3628 DlSCll'LlNAE

37 3711 165 3800 llcsoripsi.
209 3727 319 3787 Poulle
340 3745 396 3788 reo.
420 3729 454 3787 dc
474 3717 573 3787 Consi.
590 3717 687 3787 XXII
709 3728 819 3805 (1883)
837 3720 870 3806 p.
889 3729 948 3788 369
971 3749 1000 3788 n.
1020 3729 1088 3788 119.

63 3819 164 3888 Similes
187 3839 258 3890 sunt
281 3851 310 3888 n.
327 3829 417 3890 9832.
436 3818 546 3902 1'0657,
569 3831 639 3889 item
663 3831 835 3890 Britannica
851 3831 920 3904 Vll,
945 3831 1013 3891 896.
1105 3895 1107 3900 ,

58 3994 515 4012 Ἇῂ--ῇ--ῌ-

35 4117 74 4180 lll
96 4149 151 4206 rep.
170 4131 331 4192 Lumbaesi
355 4133 392 4191 sd
414 4133 596 4210 praetorium
619 4133 761 4194 Pontus.
807 4133 894 4193 Nuus
918 4135 1036 4210 inipso
1063 4137 1212 4210 praetorio
1235 4135 1336 4194 adser·
1404 4117 1405 4120 Ἴ

62 4239 139 4292 tatur.

577 4337 596 4376 G
621 4338 638 4377 Ε
659 4338 710 4377 Ν.Ι
736 4336 758 4378 0

576 4439 758 4480 rssvco
880 4429 884 4438 ’

578 4540 758 4583 scinco

577 4644 602 4683 ro
639 4645 646 4684 ι
685 4645 706 4683 Ν
744 4645 759 4684 ε
858 4635 861 4641 ’

516 4748 526 4782 ε.
578 4745 596 4785 n
633 4745 652 4784 ν
687 4747 759 4786 ss

579 4847 760 4888 nvcvs

32 4971 171 5061 Descripsi.
213 4989 321 5049 Poulle
342 5010 398 5050 rec.
422 4993 456 5051 cle
482 4991 577 5051 Consi.
593 4991 688 5050 XXII
712 4993 824 5069 (1883)
846 5013 874 5071 p.
893 4994 953 5052 367
975 5012 1004 5052 n.
1023 4996 1090 5052 114.

62 5079 253 5154 [Tabolsrium
275 5103 305 5151 et
324 5111 390 5151 com
413 5113 449 5152 eo
471 5095 629 5176 coniuncto
650 5095 770 5172 negotis
792 5095 920 5172 principi
941 5096 1069 5171 legionis
1088 5095 1247 5153 commissa
1268 5111 1336 5153 esso

31 5177 127 5246 aliunde
146 5209 263 5269 quoque
285 5197 454 5270 constsbst3
479 5215 505 5256 v.
523 5215 600 5274 quae
616 5198 742 5274 exposui
766 5198 796 5255 in
819 5198 874 5256 huo
889 5197 966 5274 Eph.
985 5197 1029 5256 IV
1051 5218 1080 5275 p.
1098 5196 1167 5256 232.
1201 5197 1337 5256 Minerva

32 5277 74 5339 lta
92 5298 141 5348 est·
153 5303 183 5354 ut
202 5295 401 5357 litteratorum
423 5299 466 5360 its
488 5299 660 5358 scribarum.
697 5299 755 5358 Tu.
773 5299 827 5375 M.]

97 5407 129 5468 V.
1072 5421 1110 5480 26
