3544 5932
349 607 395 678 08
785 627 1059 680 nnnrrnnsurs
1087 627 1169 680 von.
1190 628 1233 678 111
1564 629 1668 678 reu-rsa

348 799 446 858 vincia
466 801 642 874 insularum,
667 820 746 878 quas
761 801 935 860 dioeceseos
953 801 1087 861 Arianae
1102 808 1199 873 esset;
1222 801 1260 860 ad
1275 819 1340 860 earn
1357 801 1435 860 enim
1451 807 1529 860 teste
1544 799 1671 860 Hierocle

348 919 373 958 c.
390 900 429 960 29
450 903 588 961 redactae
609 915 679 962 sunt
694 901 840 980 Cyclades
863 903 1033 980 pleraeque,
1056 904 1086 962 in
1102 903 1148 961 his
1165 901 1307 980 Siphnus,
1323 903 1455 975 Andrus,
1472 902 1584 962 Tenus.
1619 899 1673 964 Sed

349 1001 446 1062 Delus
468 1004 517 1062 vel
538 1023 575 1061 ea
597 1013 693 1064 aetate
716 1023 783 1064 cum
807 1005 924 1063 Achaia
950 1005 1074 1077 mansit,
1100 1005 1279 1080 fueruntque
1305 1023 1340 1062 eo
1367 1015 1501 1082 tempore
1531 1005 1587 1062 sub
1612 1021 1671 1079 pro·

349 1106 472 1164 consule
495 1107 598 1166 eodem
621 1107 710 1166 etiam
726 1104 838 1182 Scyrus
854 1115 884 1165 et
897 1105 1041 1178 Lemnus,
1064 1105 1226 1182 aliquando
1242 1105 1446 1176 Macedoniae,
1468 1107 1538 1165 item
1556 1105 1673 1175 Imbros,

348 1206 511 1282 aliquando
527 1206 693 1280 Thraciae3
715 1208 800 1285 ipsae
823 1227 886 1280 eac,
908 1225 984 1284 quas
1008 1226 1154 1266 unacum
1171 1206 1250 1266 Delo
1264 1206 1392 1266 Romani
1415 1206 1542 1267 devictis
1564 1207 1674 1285 regibus

349 1308 544 1367 Macedoniae
560 1310 795 1369 Atheniensibus
811 1309 960 1368 donarant
982 1309 1062 1386 (Lir.
1080 1310 1129 1381 33,
1146 1308 1208 1386 30).
1243 1309 1384 1369 Amissae
1400 1321 1507 1386 postea
1522 1309 1675 1366 Athenien·

349 1409 431 1469 sibus
450 1411 619 1470 reddidisse
633 1411 750 1470 ridetur
764 1412 834 1488 imp.
849 1411 1016 1482 Constaus3
1038 1429 1106 1469 nam
1121 1412 1180 1468 huc
1194 1411 1308 1470 ridetur
1323 1411 1472 1486 pertinere
1487 1411 1569 1488 qnod
1583 1419 1675 1467 namet

348 1511 507 1590 Eunapius
530 1513 565 1571 de
579 1512 759 1572 Proaeresio
782 1514 919 1590 sophista
940 1533 969 1590 p.
983 1513 1022 1572 90
1044 1512 1161 1572 Boias:
1188 1507 1203 1569 ὅ
1226 1501 1256 1569 δὲ
1278 1499 1364 1590 ᾔτησε
1387 1508 1488 1583 salerne
1509 1507 1562 1572 οὐκ
1583 1503 1676 1587 dripere

349 1599 414 1669 ου’δέ
436 1609 536 1696 μικρὰς
558 1613 597 1676 εἷς
618 1609 783 1692 ἀπαγωγήν
806 1605 896 1698 φέρου
919 1607 995 1672 κατὰ
1017 1605 1170 1695 σιτηρέσιον
1191 1615 1254 1676 ταῖς
1271 1604 1431 1684 Ἀθήναις·
1455 1599 1513 1671 ibi
1540 1612 1674 1690 (impera-

347 1713 409 1790 tor)
436 1717 529 1772 ταῦτα
556 1709 652 1775 ἔδωκε.
708 1716 874 1793 Propterea
902 1717 1009 1793 opinor
1035 1718 1066 1776 in
1092 1735 1172 1775 nova
1198 1715 1417 1794 provinciarum
1451 1715 1598 1774 divisione
1627 1715 1678 1772 hoc

348 1817 585 1875 Atheniensibus
607 1817 708 1876 datum
732 1827 791 1892 est,
818 1827 852 1876 ut
873 1819 989 1877 insulae
1011 1837 1114 1878 eorum
1136 1818 1230 1878 eidem
1254 1819 1385 1894 praesidi
1406 1829 1496 1895 atque
1518 1817 1577 1894 ipsi
1598 1835 1678 1894 pare·

348 1926 422 1978 rent.
458 1918 571 1979 Delum
593 1921 685 1998 igitur
707 1921 870 1980 verisimile
892 1929 938 1980 cet
958 1920 1042 1979 nullo
1060 1929 1194 1998 tempore
1210 1921 1267 1979 sub
1281 1919 1461 1998 proconsule
1477 1919 1570 1979 Asiae
1585 1918 1678 1978 fuisse.

350 2291 412 2354 185
440 2295 549 2355 litteris
577 2313 654 2355 saec.
678 2295 739 2354 fere
755 2255 823 2355 Vll.
868 2296 938 2356 Deli
961 2315 1023 2375 rep.
1047 2316 1073 2356 a.
1093 2297 1171 2356 1879
1195 2297 1232 2354 ad
1254 2257 1418 2355 extremam
1442 2297 1593 2372 porticum
1615 2294 1680 2352 Phi·

391 2397 474 2474 lippi.

780 2627 1105 2682 -Afo-cos

750 2823 876 2866 ΓΑΙοΝ
911 2824 1126 2868 ΡΑΒΗΡιοΝ
1160 2824 1285 2868 rator

813 2927 911 2968 ΥΙοΝ
955 2925 1220 2969 ΑΝΘΥΡΑΤΟΝ

782 3039 785 3046 ’
889 3027 1152 3070 ΡΩΜΑΙΩΝ

351 3168 494 3227 Homollc
514 3168 597 3227 Ball.
622 3170 656 3226 de
676 3185 748 3227 corr.
767 3169 833 3226 leil.
850 3169 868 3226 6
892 3167 1001 3243 (1882)
1025 3188 1053 3244 p.
1071 3168 1141 3226 608.

391 3269 563 3328 Homollius
590 3271 705 3330 confert
731 3270 888 3346 epistulam
916 3269 1041 3328 relatam
1068 3269 1146 3346 apud
1171 3269 1330 3350 Iosephum
1354 3275 1414 3326 ant.
1433 3269 1481 3340 14,
1506 3267 1554 3338 10,
1575 3266 1618 3325 20
1645 3265 1687 3322 sic

350 3373 539 3448 inscriptam:
561 3361 720 3428 Λαοδικέων
742 3360 883 3452 eiwons
896 3363 971 3446 Γαΐῳ
991 3361 1131 3446 Ῥαβιλῖῳ
1152 3363 1238 3428 Γαΐου
1262 3369 1314 3446 υἱῷ
1333 3363 1436 3446 ὑπάτῳ
1460 3362 1586 3451 χαίρειν,
1610 3373 1688 3424 recte

352 3481 382 3530 et
403 3473 532 3552 egregie,
555 3473 725 3550 erravitque
748 3473 869 3532 omuino
891 3471 1063 3532 Ludovicus
1078 3471 1292 3530 Mendelssobn
1314 3471 1385 3548 (act.
1406 3489 1465 3529 soc.
1481 3468 1567 3546 Lips.
1593 3467 1686 3528 rolb

351 3594 380 3652 p.
395 3573 469 3651 217)
486 3593 633 3652 reponens
649 3575 689 3633 ibi
703 3565 818 3650 Ποπλῖῳ
834 3569 984 3662 Erpourir'p
999 3565 1125 3632 Ποπλίου
1149 3573 1207 3651 υἱῷ.
1244 3574 1280 3632 In
1296 3592 1332 3632 ea
1346 3573 1475 3650 epistula
1490 3591 1556 3629 cum
1574 3571 1686 3630 mentio

344 3677 405 3735 nat
424 3671 561 3758 Ὑρκανοῦ
581 3678 632 3733 τοῦ
654 3665 818 3757 ἅρχιερέως,
840 3677 920 3752 quod
940 3676 1139 3735 sacerdotium
1161 3675 1246 3754 regni
1269 3677 1364 3734 instar
1385 3675 1422 3732 ab
1444 3691 1471 3732 a.
1488 3659 1545 3731 6'91
1571 3673 1612 3730 ad
1629 3671 1687 3730 714

352 3777 484 3852 duravit,
511 3777 645 3836 ducimur
668 3779 710 3835 ita
735 3777 774 3835 ad
796 3787 922 3836 aetatem
946 3776 1185 3837 Ciceronianam.
1229 3776 1402 3836 Homollius
1428 3775 1458 3833 id
1484 3773 1617 3850 spatium
1646 3791 1688 3830 re-

353 3880 501 3957 stringens
529 3881 566 3938 ad
594 3899 620 3939 a.
642 3879 808 3937 too-711
833 3879 1075 3956 proconsulatum
1099 3863 1221 3938 Rabirii
1242 3879 1333 3937 refert
1361 3877 1398 3934 nd
1424 3895 1451 3934 a.
1475 3883 1527 3934 aut
1549 3875 1610 3933 706
1639 3883 1690 3931 ant

352 3981 423 4054 709,
445 3981 587 4057 quoniam
610 3998 713 4039 eorum
736 3980 788 4038 alii
811 3981 1004 4061 proconsules
1026 3981 1101 4040 nulli
1122 3983 1325 4040 innotuerunt.

975 4191 1278 4203 ..-..—---—-

352 4354 418 4416 180
441 4375 494 4414 ara
515 4368 620 4416 omata
640 4359 789 4416 bucraniis
811 4360 899 4418 sertis
921 4361 1040 4420 taeniis.
1082 4360 1158 4419 Eam
1181 4379 1220 4419 ex
1236 4357 1314 4417 Delo
1336 4357 1466 4416 adlatam
1489 4373 1557 4415 ease
1579 4355 1691 4414 conicit

394 4459 574 4517 Mrcnseurs
597 4460 800 4534 probabiliter.
845 4459 957 4521 Oxonii
979 4463 1010 4522 in
1032 4479 1137 4522 museo
1159 4481 1188 4522 n.
1205 4461 1276 4520 209.

711 4633 733 4684 Q
766 4634 880 4676 avltt
911 4635 929 4678 C
955 4635 971 4677 F
998 4635 1179 4678 tnnvtna
1208 4633 1331 4676 SAlVE

968 4739 1073 4782 meante

711 4836 825 4882 ΚΟΙΝΤΕ
846 4837 991 4882 tonante
1014 4839 1103 4883 ΓΑΙΟΥ
1124 4839 1177 4882 utu
1200 4837 1331 4882 anmals

884 4940 1021 4983 ΧΡΗΣΤΕ
1049 4942 1155 4984 ΧΑΙΡΕ

352 5079 524 5160 Descripsit
549 5081 621 5139 mibi
646 5081 811 5140 Michaelis.
876 5081 1028 5140 Prideaux
1057 5101 1161 5141 marm.
1196 5081 1294 5142 Oxon.
1323 5081 1399 5155 286,
1427 5081 1502 5151 1503
1539 5075 1695 5136 Maittaire

355 5203 459 5241 marm.
482 5183 639 5241 Arundcll.
662 5183 716 5258 33,
743 5185 778 5242 41
811 5183 847 5242 cl.
872 5202 899 5258 p.
919 5183 954 5240 51
983 5193 1013 5240 et
1038 5204 1066 5259 p.
1084 5183 1159 5254 5603
1193 5181 1344 5241 Chandler
1367 5203 1470 5242 marm.
1490 5179 1591 5240 Oxon.
1615 5199 1645 5236 n.
1665 5177 1694 5232 7.

354 5285 427 5342 lude
451 5285 485 5343 Ο.
503 5285 524 5342 l.
542 5283 594 5344 Gr.
613 5285 693 5344 6894
717 5284 835 5345 Graeca
858 5283 938 5356 sola3
960 5285 1032 5342 haec
1054 5285 1120 5360 syll.
1143 5287 1219 5343 inter
1241 5285 1371 5344 urbanas
1393 5285 1451 5344 rol.
1465 5283 1510 5342 VI
1531 5305 1559 5342 n.
1578 5277 1694 5338 12901.
