3348 5926
385 569 691 625 onsnnvonrouns
717 569 1004 624 amensamens.
1288 550 1359 622 635

51 745 498 822 00110101010011100101001).
539 746 672 806 Comites
693 747 724 805 hi
746 747 897 805 honorarii
920 746 1079 821 aliquoties
1098 751 1307 812 memorantur,
1330 751 1363 801 ut

52 848 76 904 iu
94 847 152 923 lage
172 867 198 905 a
216 847 274 907 395
299 845 635 924 (O.Th.12,1‚150):
659 849 783 908 curiales
805 851 856 925 001
876 849 1056 906 honorariam
1078 849 1174 923 adepti
1196 857 1263 904 sunt
1281 848 1364 903 comi·

51 952 134 1020 ticon,
159 957 187 1008 01
208 949 346 1008 similiter
369 958 457 1025 atque
480 949 529 1008 hia
550 950 659 1010 factum
683 960 729 1010 est
750 959 939 1027 opponuntur
961 950 1037 1027 ipsis
1060 949 1216 1008 comitibus
1243 965 1261 1004 a
1283 945 1363 1006 Con·

50 1051 144 1109 stantia
165 1071 191 1110 a.
208 1053 267 1111 353
290 1051 387 1110 ordini
403 1050 697 1129 Carthaginiensium
720 1054 762 1111 sic
784 1053 964 1112 rescribente
986 1049 1036 1128 (C.
1052 1051 1109 1108 Th.
1129 1050 1176 1123 12,
1194 1051 1221 1121 1,
1236 1048 1307 1125 41):
1331 1066 1364 1106 ec

46 1154 173 1210 comitibus
195 1163 221 1212 et
242 1173 275 1212 aa
293 1156 479 1230 praesidibus
500 1159 627 1213 uniuersi
652 1158 803 1232 actamque,
831 1158 881 1230 qui
906 1159 966 1213 sine
992 1155 1237 1212 administratione
1262 1153 1362 1210 adum-

48 1255 176 1313 bratorum
197 1257 366 1332 dignitatum
393 1257 538 1316 codicillos
561 1258 729 1315 honorarius
750 1260 902 1316 meruerint
990 1259 1154 1332 fungantur
1180 1255 1311 1338 oneribus
1338 1263 1363 1311 et

46 1355 181 1416 bonombue
208 1362 357 1418 uniuersis.
412 1357 593 1418 constitutio
620 1379 646 1417 a.
664 1358 724 1418 385
752 1357 802 1435 (Ο.
823 1357 880 1415 Tb.
905 1358 957 1431 12,
981 1358 1104 1434 1,109)
1133 1358 1221 1416 etiam
1250 1373 1364 1434 agano--

44 1457 127 1516 thesin
147 1461 309 1536 perfunctis
331 1461 492 1538 promittit,
520 1471 553 1519 ut
579 1463 608 1518 in
631 1471 798 1537 perpensam
824 1479 857 1518 ea
882 1461 1026 1519 comitibus
1050 1463 1185 1536 dignitate
1208 1461 1362 1527 lactentum·

43 1571 191 1635 sequuntur
213 1581 290 1638 quae
311 1581 403 1638 supra
423 1563 523 1622 rettuli
547 1562 583 1620 de
606 1562 669 1620 iure
691 1562 786 1620 osculi
809 1572 839 1622 et
860 1581 1028 1622 consessus.
1066 1563 1240 1640 Appellatio
1264 1582 1296 1619 nr
1316 1579 1361 1618 co-

44 1665 97 1718 mite
116 1664 174 1734 vel,
196 1673 229 1722 ut
251 1665 305 1723 hae
328 1673 424 1724 001010
446 1665 630 1740 frequentius
654 1664 770 1736 dieitur,
794 1685 826 1723 ea
848 1665 994 1724 comitibus
1016 1663 1097 1740 (vide
1120 1683 1211 1742 supra
1232 1685 1261 1742 p.
1277 1663 1359 1739 129),

41 1779 208 1840 quamquam
232 1767 321 1824 stiam
344 1767 444 1826 comiti
473 1767 613 1825 convenit
638 1767 690 1842 qui
717 1765 923 1825 administrare
950 1767 1053 1838 desiit,
1081 1767 1137 1826 hac
1163 1775 1260 1825 aetate
1286 1775 1361 1824 tam-

41 1883 118 1939 quam
140 1871 262 1944 propria
282 1868 341 1926 1011
361 1869 477 1928 comitis
500 1869 661 1938 honorarii,
684 1869 776 1927 01110
798 1869 919 1928 omnino
942 1877 1103 1946 usurpatur
1125 1870 1154 1927 in
1175 1869 1260 1927 titulo
1281 1867 1360 1925 Tha-

40 1969 214 2042 mugadensi.
231 2003 268 2013 —-
284 1969 320 2027 Id
343 1971 440 2048 ipsum
462 1970 551 2029 etiam
575 1971 612 2028 ad
635 1970 771 2029 tribunos
794 1973 940 2046 pertinere
956 1972 1031 2030 0110
1047 1988 1162 2030 summa
1178 1971 1361 2029 0110000000

40 2071 171 2130 militares
193 2091 296 2132 omnes
317 2091 414 2148 neque
436 2083 534 2132 tamen
560 2072 598 2130 ad
619 2073 724 2131 civiles
750 2073 780 2131 iu
807 2073 1052 2132 commentariolo
1079 2074 1116 2132 10
1141 2072 1360 2150 protectoribus

38 2169 135 2248 (supra
156 2195 184 2251 p.
201 2175 258 2234 129
275 2174 352 2250 000.)
373 2193 468 2251 nuper
489 2174 703 2233 demonstravi.

75 2273 138 2334 Duo
160 2277 302 2335 comitum
325 2294 435 2352 genera
456 2284 516 2334 tam
539 2277 590 2352 qui
611 2277 643 2334 in
665 2276 923 2336 administratione
943 2287 973 2336 01
992 2289 1114 2355 0000100
1128 2277 1361 2336 administratio·

39 2394 96 2433 nem
118 2380 288 2437 comitivam
311 2378 497 2455 accipiebant
517 2396 607 2454 quam
630 2378 798 2438 honorariis
821 2381 966 2439 codicillis
988 2382 1079 2440 creati
1101 2382 1158 2438 hae
1180 2389 1277 2438 aetate
1301 2380 1361 2456 pls·

37 2495 152 2554 rumque
173 2480 465 2556 comprehenduntur
487 2480 629 2539 vocabulo
651 2481 877 2554 bonoratorum,
899 2482 936 2542 10
957 2501 1018 2558 000
1040 2501 1117 2559 0000
1140 2483 1249 2541 1001110
1271 2483 1361 2541 habe·

37 2599 108 2652 mus,
140 2583 310 2642 admirabili
339 2583 475 2642 doctrina
504 2583 673 2660 composuit
699 2581 904 2644 Gothofredus
931 2585 968 2642 ad
995 2583 1030 2643 Ο.
1051 2585 1108 2643 Th.
1132 2587 1162 2658 1,
1186 2585 1217 2656 8,
1243 2587 1256 2640 1
1291 2601 1362 2644 0000

36 2683 173 2744 editionis.
225 2685 420 2762 Adlsgabitur
446 2685 633 2744 solummodo
661 2686 836 2744 constitutio
858 2705 883 2746 a.
901 2685 957 2743 401
985 2684 1289 2762 (0.Τ10.1,15,16)
1317 2693 1362 2744 01-

35 2787 153 2858 001001
177 2795 316 2846 nostrum
338 2794 543 2864 argumentum
565 2788 686 2864 0000010
706 2797 857 2864 0000100οι
886 2789 998 2846 nullum
1019 2793 1134 2865 penitus
1162 2789 1362 2846 bonoratorum

30 2888 137 2959 publica
157 2892 333 2949 salutatione
354 2893 414 2947 sins
436 2889 594 2966 chlamydis
615 2891 775 2950 indumento
797 2893 937 2949 vicariam
950 2901 1119 2968 potestatem
1140 2893 1222 2950 adira
1245 2899 1361 2966 oportet.

71 2988 212 3067 Sequitur
233 2993 262 3050 in
286 2992 383 3068 primo
397 2992 500 3068 ,gradu
521 3003 644 3066 quartus
666 2992 740 3051 ordo
758 2994 1032 3063 administratorum,
1056 3011 1115 3071 quo
1130 2993 1276 3052 vocabulo
1291 2991 1364 3068 quid

33 3089 83 3149 hoe
104 3094 171 3153 laco
195 3096 315 3172 proprie
337 3093 530 3172 significetur,
553 3094 663 3170 ambigi
685 3103 793 3170 001001.
838 3095 1059 3154 Administrant
1081 3103 1160 3155 certe
1182 3095 1363 3171 quicumque

32 3195 176 3266 publicum
202 3197 332 3258 officium
356 3203 471 3273 gerunt,
493 3213 617 3272 0000000
639 3197 812 3272 0000100100
834 3207 865 3256 01
886 3198 1042 3256 0011000110
1066 3215 1249 3256 summarum
1271 3197 1363 3254 01010

32 3294 176 3376 deinceps,
200 3299 376 3374 videturque
398 3297 543 3358 voeabula
567 3297 818 3357 administratoris
841 3309 919 3358 recte
940 3299 1051 3375 opponi
1072 3297 1361 3368 011000000111010110,

31 3401 128 3459 atille
151 3401 274 3478 publica
295 3401 416 3479 negotia
437 3409 531 3477 gerat,
554 3399 603 3457 hie
625 3402 739 3475 gerenti
758 3413 861 3476 pareat
876 3413 905 3459 01
920 3409 1073 3477 appareat.
1111 3398 1172 3460 Sed
1187 3400 1251 3458 eius
1266 3399 1362 3475 digni-

30 3503 94 3560 tatis
116 3503 377 3562 administratores
399 3503 494 3560 hiasi
517 3501 730 3578 significantur,
753 3502 805 3560 vix
828 3502 961 3579 intellegi
984 3509 1091 3578 001001,
1114 3521 1167 3560 000
1184 3501 1362 3560 vocabulum

31 3602 170 3664 adiectum
196 3607 249 3678 sit;
271 3605 303 3664 hi
325 3605 402 3664 enim
426 3604 684 3680 administratores
707 3603 999 3679 comprehenduntur
1021 3621 1122 3662 omnes
1146 3611 1199 3661 aut
1218 3604 1362 3662 senatori·

28 3704 79 3763 bus
101 3719 155 3768 aut
177 3721 259 3768 certe
281 3707 448 3766 comitibus.
487 3704 593 3782 Neque
616 3705 848 3765 obliviscendum
869 3714 925 3778 est,
947 3725 1013 3765 cum
1029 3715 1135 3783 agatur
1150 3706 1187 3763 10
1203 3704 1362 3764 salutando

29 3811 162 3880 praeside
178 3809 352 3880 Numidiae,
374 3809 555 3868 salutatores
578 3809 764 3884 potissimum
784 3809 970 3884 quaerendos
986 3826 1053 3866 0000
1068 3809 1146 3866 10100
1161 3807 1363 3884 provinciales

29 3910 51 3965 ei
75 3913 216 3972 subditos
238 3920 267 3970 et
292 3911 348 3969 hoc
372 3911 439 3970 loco
466 3909 724 3969 administratores
751 3919 830 3968 00010
856 3911 988 3986 intellegi
1015 3929 1067 3969 eos
1095 3911 1284 3985 praesertim,
1312 3909 1363 3985 qui

28 4013 79 4069 sub
101 4015 171 4089 ipso
197 4013 414 4072 administrant.
452 4012 501 4070 Ita
519 4013 654 4070 ducimur
669 4012 706 4070 ad
722 4014 915 4088 magistratus
931 4013 1136 4088 municipales,
1160 4013 1271 4088 quippe
1286 4029 1363 4088 quos

28 4125 141 4174 constet
162 4127 195 4176 01
215 4117 300 4193 10000
323 4113 579 4174 administravisse
602 4120 632 4172 et
653 4131 723 4172 suos
746 4114 889 4173 habuisse
911 4113 1065 4174 officiales.
1103 4113 1204 4172 Etiam
1225 4113 1257 4172 10
1276 4113 1363 4172 111010

27 4217 137 4278 0011010
163 4217 371 4278 Theodosiani
391 4211 441 4273 ‘de
462 4216 498 4274 iis
520 4234 596 4292 quae
619 4215 893 4274 administrantibus
916 4216 964 4273 rel
986 4216 1117 4274 officium
1139 4215 1291 4291 publicum
1314 4232 1363 4291 ge-

25 4321 161 4379 rentibus
186 4320 329 4378 distraeta
349 4317 398 4376 vel
421 4316 529 4377 donata
551 4312 632 4376 sunt’
658 4336 733 4394 quae
756 4318 944 4389 sanciuntur,
971 4317 1019 4376 vel
1042 4318 1079 4375 ad
1106 4335 1250 4394 pagorum
1277 4335 1364 4393 prae·

26 4421 143 4496 positos
168 4422 329 4480 trahuntur
351 4417 400 4494 (C.
417 4418 473 4476 Th.
491 4420 519 4491 8,
538 4420 586 4491 15,
605 4417 646 4494 1),
669 4427 699 4477 et
719 4419 807 4478 modo
831 4420 958 4478 vidimus
981 4437 1020 4478 ex
1042 4419 1200 4478 comitibus
1220 4419 1363 4476 honorem

26 4525 179 4584 sacerdoti
200 4523 371 4602 provinciae
393 4530 423 4580 et
444 4521 603 4597 principali
626 4521 726 4580 000100
748 4521 837 4581 101101
861 4521 958 4580 001000
980 4529 1101 4598 0000100
1122 4539 1184 4578 rem
1213 4519 1362 4596 publicam

23 4635 103 4685 reete
126 4625 379 4686 administratam.
417 4623 598 4698 Principalis
620 4629 719 4682 autem
742 4623 842 4682 000100
864 4623 890 4680 01
913 4623 1171 4681 administratione
1188 4635 1264 4680 recte
1279 4623 1365 4680 finita

24 4729 121 4802 primo
149 4727 246 4804 gradu
272 4737 396 4786 vocatur
420 4735 544 4801 propter
572 4725 756 4798 comitivam,
789 4724 947 4784 admodum
974 4723 1128 4799 probabile
1155 4731 1201 4781 est
1226 4723 1257 4781 id
1284 4723 1363 4800 quod

23 4832 164 4905 sequitur
189 4830 336 4906 pertinere
363 4829 400 4887 ad
426 4825 550 4886 eundem
577 4826 728 4886 etiamtum
756 4827 1027 4896 administrantem
1061 4843 1116 4884 nec
1140 4825 1229 4883 facile
1256 4824 1364 4884 abesse

23 4941 158 5006 0000001
181 4933 218 4991 01)
240 4930 384 4991 eiusmodi
405 4929 507 4988 ordine
530 4929 679 4988 salutandi
701 4929 864 4988 civitatium
885 4927 1113 4986 Numidicarum
1138 4925 1185 4985 vel
1207 4932 1364 4986 universae

21 5034 203 5110 provinciae
224 5035 275 5112 qui
295 5051 342 5094 res
361 5041 469 5112 gerunt
487 5033 542 5091 sub
564 5031 723 5091 consulari.
761 5031 786 5089 Ii
807 5031 929 5108 quinam
949 5049 985 5089 00
1007 5035 1141 5106 tempore
1163 5027 1284 5103 fuerint,
1306 5029 1364 5087 hoc

23 5167 237 5179 --——-.-.

79 5251 103 5314 ¹)
128 5253 161 5303 C.
177 5251 227 5302 Th.
243 5252 285 5314 12,
303 5252 392 5314 1,]17
413 5251 473 5301 anni
494 5251 554 5302 392.
593 5250 695 5302 Similia
714 5250 885 5313 disponuntur
905 5248 935 5299 0.
950 5249 999 5300 Th.
1016 5249 1059 5312 14,
1073 5249 1100 5311 4,
1116 5249 1141 5300 9.
1160 5249 1201 5297 10.

1100 5353 1158 5414 41'
