3348 5926
293 593 365 665 642
864 615 1053 670 mommsen

288 788 391 846 bulum
414 789 534 848 evitarit
556 789 646 848 ethis
662 789 742 849 aliud
758 791 894 868 posuerit
909 809 967 850 non
982 789 1142 849 admodum
1158 789 1278 847 ohvinm
1288 789 1328 866 ¹).
1365 787 1430 847 Nec
1444 789 1534 866 magis
1548 807 1601 862 per·

289 891 397 969 spicio,
424 911 492 950 cum
513 909 590 967 quae
613 911 666 968 pro
689 893 831 952 tribunali
852 893 881 950 iu
905 893 1107 969 postulatione
1129 903 1157 950 et
1178 891 1410 950 contradictione
1433 901 1516 968 gesta
1536 900 1602 960 sunt,

287 1003 387 1069 partes
404 1004 491 1052 antea
505 995 564 1052 iam
580 995 617 1053 ab
633 997 841 1074 exceptoribus
858 995 1009 1071 descripta
1025 994 1201 1070 acceperint,
1224 994 1374 1070 quomodo
1390 994 1428 1051 ob
1443 993 1601 1052 sententiam

287 1097 395 1167 solam,
417 1103 450 1155 ut
472 1096 664 1156 admittamus
687 1099 909 1174 huius'quoque
926 1097 1138 1156 describendae
1154 1105 1304 1172 sumptum
1320 1097 1359 1153 ad
1372 1096 1538 1173 litigatores
1551 1115 1602 1170 per·

287 1201 424 1270 tinuisse,
447 1199 601 1276 impensae
624 1206 725 1258 tantae
748 1200 829 1277 exigi
851 1202 1015 1275 potuerint,
1038 1207 1167 1274 quantas
1189 1198 1317 1258 edictum
1338 1198 1431 1276 ponit.
1475 1195 1534 1256 Sed
1554 1216 1601 1254 om-

285 1302 367 1359 nium
390 1302 522 1360 maxime
544 1321 590 1360 me
613 1312 724 1374 movet,
752 1303 831 1378 quod
853 1301 896 1359 ita
916 1302 946 1360 in
969 1302 1065 1360 edicto
1089 1302 1177 1377 plane
1198 1301 1397 1374 desideratur,
1420 1299 1493 1376 quid
1514 1317 1603 1374 excep

287 1405 343 1460 tori
365 1423 420 1480 pro
443 1403 546 1461 labore
569 1404 731 1480 chartaque
754 1404 932 1463 solvendum
954 1404 1047 1462 sitin
1069 1421 1161 1461 causa
1190 1405 1316 1482 urgenti.
1367 1401 1466 1476 Quam
1492 1402 1530 1460 ob
1554 1421 1603 1458 ren

286 1506 461 1567 crediderim
489 1506 587 1564 verbis
610 1527 638 1564 v.
655 1506 694 1565 39
721 1509 752 1564 in
778 1508 892 1582 definita
919 1525 1008 1564 causo
1036 1505 1245 1583 similibusque
1273 1526 1300 1562 v.
1318 1506 1357 1564 44
1384 1504 1495 1582 respici
1522 1504 1556 1561 ad
1578 1523 1604 1561 ea

285 1626 362 1683 qnae
384 1607 564 1684 praecedunt
586 1629 612 1666 v.
627 1608 663 1665 31
689 1612 719 1667 in
740 1613 871 1684 torquenti
892 1626 964 1685 quae
980 1608 1110 1683 finiendo
1131 1613 1169 1666 ait
1190 1617 1220 1666 et
1239 1608 1437 1685 supplendum
1457 1625 1525 1665 esse
1539 1606 1606 1681 cogi·

284 1711 397 1767 tatione
419 1710 449 1768 id
471 1709 551 1786 quod
573 1720 618 1768 est
640 1714 670 1768 ia
691 1713 829 1786 urqueati.
881 1710 927 1768 Ita
949 1719 979 1768 et
1000 1711 1133 1769 defectus
1160 1719 1241 1768 recte
1267 1710 1407 1786 expletur
1432 1717 1463 1768 et
1488 1727 1607 1768 summac

284 1819 372 1889 aptae
395 1812 578 1882 efficiuntur3
600 1831 668 1871 nam
691 1821 723 1870 ut
745 1813 889 1870 advocato
912 1812 942 1869 in
962 1829 1056 1870 causa
1072 1813 1208 1889 urguenti
1224 1813 1408 1870 tantumdem
1425 1813 1513 1869 datur
1527 1829 1608 1886 quan·

283 1923 347 1972 tum
370 1915 477 1991 accipit
499 1923 622 1992 propter
643 1914 872 1991 postulationem
896 1913 1230 1990 contradictionemque,
1253 1916 1295 1972 ita
1315 1914 1469 1991 exceptori
1488 1933 1542 1989 pro
1555 1930 1606 1970 mo·

284 2017 341 2074 diis
363 2017 495 2092 quinque
517 2025 546 2073 et
568 2016 724 2075 duodecim
746 2017 904 2075 solvuntur
926 2015 1017 2074 modii
1038 2015 1142 2091 viginti
1165 2016 1346 2092 chartaeque
1372 2017 1400 2073 ei
1421 2016 1607 2074 attribnuntur

282 2137 337 2196 pro
361 2137 419 2176 una
440 2125 630 2194 etquattuor
653 2137 717 2178 sex.
767 2117 940 2180 Sententiae
962 2118 1147 2195 exemplaria
1168 2138 1204 2177 ea
1226 2125 1324 2178 aetate
1346 2117 1525 2177 crediderim
1550 2135 1605 2174 con·

282 2221 359 2278 fecta
391 2239 459 2280 esse
492 2223 659 2298 sumptibus
692 2221 836 2296 publicis;
872 2237 943 2279 sane
971 2220 1184 2280 advocatorum
1214 2221 1375 2280 honoraria
1405 2229 1436 2279 et
1467 2234 1603 2297 gestomm

281 2323 411 2400 partium
434 2341 526 2382 causa
548 2323 809 2382 describendorum
835 2323 997 2400 impensae·
1013 2323 1108 2400 magis
1130 2323 1254 2400 proprie
1280 2323 1318 2381 ad
1343 2332 1446 2398 partes
1471 2323 1602 2397 pertinent

281 2444 372 2502 quam
395 2435 533 2502 sumptus
556 2425 721 2484 sententiae
742 2425 836 2502 gratis
858 2424 991 2484 redditae
1014 2426 1114 2501 itaque
1133 2426 1258 2484 meliore
1278 2431 1375 2484 aetate
1391 2425 1483 2483 etiam
1498 2425 1602 2500 publico

282 2529 401 2586 nomine
423 2528 515 2605 gratis
537 2530 733 2605 perscriptae.

324 2630 371 2689 De
394 2631 493 2689 officio
516 2631 728 2690 advocatorum
751 2640 1003 2708 exceptorumque
1025 2648 1115 2689 causa
1137 2629 1221 2687 nulla
1243 2639 1290 2688 eet
1311 2648 1363 2687 cur
1385 2630 1444 2688 hoc
1466 2629 1532 2688 loco
1548 2647 1603 2704 aga·

281 2751 357 2790 mus.
395 2730 536 2791 Chartam
560 2743 686 2810 apparet
705 2743 881 2809 exceptores
897 2730 1123 2808 litigantibusl)
1139 2734 1182 2790 ita
1197 2731 1446 2809 suppeditavisse,
1468 2741 1501 2790 ut
1515 2749 1603 2790 aarum

279 2853 398 2910 quoque
419 2843 538 2910 praeter
559 2853 668 2910 operae
690 2835 817 2910 pretium
840 2833 1007 2912 exigerent3
1035 2853 1093 2910 quo
1116 2834 1181 2892 iure
1204 2853 1239 2891 ne
1263 2835 1467 2906 abuterentur,
1490 2833 1604 2892 edictum

280 2937 448 2993 chartarum
471 2954 547 3010 quae
569 2937 607 2993 ad
630 2935 688 2993 tria
709 2936 887 2994 iudiciorum
909 2953 1020 3013 genera
1039 2936 1210 2995 sufficerent
1224 2953 1378 2994 numerum
1393 2935 1508 2994 delinit.
1543 2935 1605 2992 llius

281 3037 508 3096 consuetudinis
530 3037 633 3114 Lydus
655 3057 773 3114 quoque
795 3039 928 3097 meminit
950 3039 987 3097 de
1008 3037 1136 3114 mag.3‚
1159 3039 1210 3110 14,
1233 3037 1278 3096 ita
1298 3047 1412 3110 tamem
1441 3045 1474 3096 ut
1495 3037 1605 3096 meliore

281 3147 377 3198 aetate
396 3147 483 3215 neget
503 3141 648 3200 officiales
669 3141 854 3200 miserabilia
871 3142 945 3198 haec
960 3141 1121 3214 curavisse,
1145 3140 1235 3198 immo
1250 3139 1467 3198 lucidissimam
1482 3141 1606 3198 chartam

224 3281 225 3286 =
279 3243 375 3320 gratis
398 3243 636 3318 suppeditavisse
662 3236 740 3319 (tede
762 3233 876 3301 πάντων
899 3234 1109 3304 decadae-roboae
1130 3233 1248 3325 χάρτας
1270 3231 1314 3299 itti
1338 3242 1397 3304 τοῖς
1423 3232 1607 3325 spartarius·

279 3338 510 3412 ἀναλίσκεσθαι,
533 3337 688 3422 attraximus
709 3335 903 3428 iunpeno'vrurv
924 3345 981 3404 τοῖς
1002 3334 1100 3402 κύτεσι
1121 3345 1176 3400 τῶν
1199 3335 1363 3425 γραφὲων);
1386 3345 1447 3403 iam
1465 3361 1533 3402 vero
1554 3361 1604 3403 non

280 3446 376 3504 solum
398 3446 519 3505 chartae
541 3447 668 3522 pretium
691 3468 709 3506 a
730 3447 932 3524 litigatoribus
959 3447 1081 3523 exigere
1108 3446 1252 3504 officiales
1281 3437 1410 3528 (χάρτην
1437 3440 1563 3504 decenis·
1586 3444 1605 3500 τί

278 3549 328 3619 τῆς
349 3539 462 3630 τάξεως
484 3539 651 3616 ὑπομένοντι
675 3542 741 3609 rode
762 3540 952 3632 πράττοντας)
975 3567 1071 3626 neque
1093 3549 1265 3608 erubescere
1287 3549 1372 3627 ipsos
1392 3567 1504 3626 egenos
1518 3549 1606 3607 iactos

338 3818 361 3880 ¹)
382 3819 412 3870 C.
427 3819 477 3869 Th.
500 3821 524 3881 1,
538 3820 563 3882 6,
579 3821 603 3869 2.
639 3823 662 3884 1,
678 3821 711 3869 27
726 3821 770 3869 fin.
804 3821 828 3880 1,
845 3819 971 3883 29,5pr.
1006 3820 1146 3882 10,1,13.

335 3907 359 3972 ²)
381 3909 503 3961 Chartam
523 3925 588 3976 quaa
607 3912 641 3961 ad
660 3912 776 3976 publicos
795 3927 854 3962 usus
874 3911 1045 3976 requireretur
1064 3925 1122 3960 cnm
1140 3910 1200 3972 hac,
1225 3923 1302 3974 quam
1322 3917 1471 3976 exceptores
1490 3911 1606 3976 litiganti-

276 4002 324 4051 bus
343 4003 449 4066 priratis
468 4003 640 4067 suppeditant,
660 4019 722 4054 care
742 4003 892 4053 confundas.
929 4001 1004 4052 Illam
1024 4017 1056 4052 ex
1076 4003 1182 4067 antiqua
1202 4003 1368 4052 ordinatione
1385 4003 1508 4053 officiales
1521 4003 1606 4068 quibus

277 4107 308 4142 ea
327 4109 391 4158 opus
410 4101 465 4144 erat
483 4096 536 4145 suis
555 4095 698 4160 sumptibus
717 4096 835 4146 videntur
853 4109 1028 4158 comparasse,
1054 4101 1083 4143 ut
1101 4101 1146 4143 aut
1164 4101 1269 4159 propter
1288 4095 1316 4143 id
1335 4111 1400 4145 onus
1426 4103 1520 4146 certam
1544 4111 1606 4144 sam·

276 4200 344 4235 mam
364 4188 510 4250 acciperent
528 4195 584 4250 aut,
604 4189 673 4253 quod
693 4189 774 4252 magis
794 4187 960 4248 crediderim,
981 4193 1096 4250 respectu
1115 4193 1262 4251 sumptuum
1282 4187 1323 4236 his
1341 4187 1497 4237 officialibus
1515 4201 1607 4236 merres

276 4285 444 4342 congruenter
471 4286 546 4328 ancta
572 4280 761 4330 attribueretur.
812 4279 853 4329 Ita
880 4279 999 4328 beneficii
1028 4292 1105 4328 causa
1128 4279 1151 4327 si
1177 4292 1228 4342 qua
1251 4279 1360 4342 pecnnia
1383 4279 1487 4343 publica
1514 4280 1550 4328 sio
1577 4279 1605 4326 ad

274 4369 418 4434 praesidem
448 4371 618 4434 pervenisset,
653 4379 681 4421 ut
708 4371 788 4420 libere
817 4373 849 4421 de
878 4386 910 4422 ea
937 4370 1096 4435 disponeret,
1125 4377 1228 4434 poterat
1255 4367 1432 4420 charltaticum
1465 4368 1604 4436 puihusdru

275 4460 427 4528 ‹afficialibus
444 4461 503 4513 iude
522 4461 676 4514 aubsmibere
696 4463 766 4527 (Dig.
781 4465 824 4526 48,
840 4465 883 4526 20,
899 4463 938 4526 6),
959 4464 986 4512 id
1006 4469 1044 4511 est
1062 4461 1179 4512 beneficii
1199 4476 1277 4512 causa
1295 4477 1353 4512 eam
1371 4462 1405 4512 ad
1421 4461 1536 4513 chartam
1550 4461 1604 4511 inde

274 4555 474 4620 comparandam
500 4555 654 4606 officialibus
684 4570 797 4619 erogare.
846 4555 993 4606 Posteriora
1022 4561 1105 4605 aetate
1134 4567 1165 4603 eo
1195 4554 1300 4604 nomine
1313 4549 1454 4604 'officiales
1484 4554 1603 4619 sportulas

274 4647 306 4696 ab
325 4647 358 4696 iis
378 4647 482 4710 exigere
501 4647 632 4708 solebant,
662 4661 771 4712 quorum
789 4662 866 4697 causa
888 4647 1002 4697 maxime
1026 4653 1082 4696 acta
1105 4645 1209 4711 publica
1227 4647 1330 4708 lierent;
1359 4647 1397 4696 ita
1420 4647 1447 4696 in
1471 4647 1527 4711 lege
1546 4648 1600 4709 imp.

273 4737 408 4788 Anastasii
433 4737 470 4800 (Z.
491 4753 507 4788 a
525 4739 680 4804 Lingenthal
699 4740 726 4789 in
746 4739 809 4789 actis
828 4739 901 4788 acad.
920 4737 1007 4788 Berol.
1031 4738 1174 4788 minoribns
1194 4751 1216 4787 a.
1233 4738 1303 4788 ista
1323 4754 1349 4802 p.
1366 4739 1418 4789 134
1432 4739 1497 4803 seq.)
1519 4753 1600 4788 nume

273 4829 343 4880 rario
363 4837 389 4879 et
407 4831 580 4895 primiscrinio
600 4832 680 4881 officii
704 4831 776 4880 ducis
795 4831 893 4895 Libyae
916 4833 1017 4896 singula
1041 4837 1127 4880 castra
1150 4829 1261 4880 militnm
1285 4831 1516 4880 castrensianorum
1539 4815 1598 4894 lips

273 4919 431 4992 χαρτατικῶν
450 4937 585 4973 numerare
604 4923 723 4973 iubentur
742 4937 842 4973 annuos
861 4923 1015 4984 sobdosVl,
1035 4923 1134 4972 numeri
1153 4923 1198 4973 alii
1218 4923 1251 4972 ab
1270 4937 1302 4972 eo
1316 4937 1394 4974 onera
1406 4924 1531 4972 immunes
1549 4935 1596 4970 ease

273 5013 342 5078 (pag.
358 5017 372 5064 1
393 5015 550 5077 att-18,
570 5030 630 5080 pag.
645 5016 660 5065 3
680 5031 704 5064 v.
720 5013 847 5076 20-23).
880 5015 1005 5067 Similiter
1017 5015 1178 5078 Nicephorus
1197 5015 1344 5079 Logotheta
1361 5015 1455 5066 tributa
1474 5016 1510 5064 ita
1522 5013 1595 5070 anxit,

272 5113 300 5155 ut
319 5105 353 5158 atl
372 5106 486 5171 singulos
505 5107 602 5157 solidos
621 5097 680 5172 drip
699 5102 866 5176 χαρττατικτῢ
885 5107 1046 5156 edicerentur
1065 5105 1173 5171 siliquae
1187 5107 1262 5156 binae
1281 5107 1463 5172 (Theophanes
1482 5107 1514 5156 ad
1532 5119 1594 5155 an.

273 5197 359 5260 6302;
386 5199 501 5248 Zonaras
523 5198 568 5261 15,
591 5201 637 5262 143
663 5200 691 5249 Z.
712 5215 728 5251 a
746 5199 900 5264 Lingenthal
918 5200 946 5248 in
965 5207 1037 5264 parte
1056 5199 1098 5249 III
1116 5198 1180 5248 iuris
1200 5198 1399 5252 Graeco-Rom.
1419 5199 1471 5249 sire
1487 5195 1594 5248 Noreilia

271 5305 297 5354 p.
312 5289 365 5339 386
379 5288 452 5354 sem).
