3348 5926
36 621 86 669 nrt
259 617 490 670 aversurum.
538 617 773 669 onrrsooom
801 619 848 668 nu
876 617 1052 669 elusum.
1262 597 1332 668 577

32 791 100 848 hasta
119 809 187 868 pura
209 789 298 867 (GV,
315 791 400 868 875).
418 823 456 836 -
480 791 556 850 Post
578 791 794 869 praefecturam
812 801 980 851 castrorum
995 790 1122 868 legionis
1136 789 1168 848 11
1183 789 1335 850 Maximus

30 895 108 952 lactus
126 903 168 952 est
189 893 354 971 praefectus
372 895 521 954 exercitus
534 896 724 972 Aegyptiaci,
747 913 806 970 quo
822 914 943 954 munere
958 893 1129 972 fungentem
1140 892 1337 952 Alexandrini

30 997 222 1055 honoraverunt
245 1003 346 1055 statua
367 997 399 1055 in
421 998 520 1072 patria
540 999 640 1075 posita
663 997 807 1074 Menoeis)
830 997 957 1073 c(aasa).
998 994 1057 1056 Sed
1079 995 1109 1053 id
1125 995 1255 1054 officium
1277 1013 1335 1072 quo

30 1107 131 1174 spectet,
152 1099 327 1169 videndum;
349 1117 458 1158 nouum
483 1100 560 1158 enim
576 1101 605 1157 in
621 1099 717 1158 titulis
733 1107 812 1158 certe
828 1099 944 1158 accidit.
967 1098 1143 1158 Posteriora
1157 1105 1254 1156 aetate
1270 1116 1336 1156 oum

28 1219 74 1258 una
91 1201 150 1258 sola
169 1202 248 1278 legio
271 1203 301 1259 in
317 1203 458 1280 Aegypto
480 1203 622 1275 tenderet,
646 1204 673 1260 ei
695 1201 739 1260 ita
760 1202 931 1278 praefuisse
953 1201 1137 1280 praefectum
1160 1208 1336 1272 castrorum,

28 1309 52 1358 ut
69 1304 148 1380 legati
167 1303 293 1382 legionis
316 1305 397 1363 vices
420 1305 529 1364 faceret
544 1313 573 1364 et
588 1305 684 1364 solum
700 1304 883 1382 praefectum
901 1305 1034 1382 Aegypti
1050 1323 1141 1381 super
1155 1322 1189 1362 se
1203 1303 1336 1375 haberet,

28 1415 123 1463 constat
143 1425 205 1464 cum
228 1426 267 1464 ex
289 1407 377 1465 titulo
399 1427 426 1465 n.
444 1406 525 1467 6025
547 1408 658 1486 scripto
674 1408 840 1484 imperante
856 1408 923 1480 Pio,
946 1427 1006 1484 quo
1021 1405 1190 1484 praefectus
1206 1407 1336 1484 Aegypti

27 1517 49 1562 et
66 1507 219 1581 praefectus
243 1518 409 1568 castrorum
432 1511 599 1569 aedificium
623 1530 641 1568 a
662 1510 806 1569 militibus
826 1510 937 1568 factum
959 1509 1001 1566 ita
1017 1508 1138 1568 omnino
1153 1508 1290 1568 dedicant
1305 1517 1338 1566 ut

27 1607 82 1667 alibi
101 1610 194 1669 solent
216 1611 307 1670 simul
329 1611 467 1670 dedicare
489 1613 579 1691 legati
600 1613 660 1672 duo
688 1613 861 1689 provinciae
887 1619 916 1670 ct
944 1611 1087 1688 legionis,
1115 1619 1177 1670 tum
1205 1631 1244 1670 ex
1270 1613 1337 1688 ipso

26 1712 237 1772 testimoniorum
259 1713 392 1786 defectu;
414 1733 483 1772 nam
506 1717 530 1774 si
551 1717 629 1774 inter
652 1716 707 1774 hos
729 1715 840 1792 gradus
862 1715 970 1774 fuisset
989 1714 1159 1793 praefectus
1174 1714 1303 1791 legionis
1319 1733 1338 1772 a

26 1822 167 1874 castrorum
189 1816 342 1892 praefecto
357 1817 496 1877 diversus
519 1825 548 1875 et
570 1818 597 1875 ei
611 1819 813 1895 praepositus,
836 1817 900 1877 eius
915 1817 1043 1876 instituti
1059 1817 1182 1894 aliquod
1195 1816 1338 1875 indicium

27 1927 186 1990 superesset.
228 1916 361 1996 Collegit
382 1919 449 1979 inde
462 1920 681 1980 Wilmannsius
704 1921 737 1996 (l.
752 1940 777 1979 c.
800 1939 828 1996 p.
842 1920 896 1996 91)
920 1938 978 1996 quo
994 1929 1129 1996 tempore
1151 1921 1182 1978 in
1198 1920 1338 1996 Aegypto

25 2017 108 2092 plures
128 2019 261 2096 legiones
283 2021 460 2094 tendebant,
484 2023 610 2099 singulis
634 2023 802 2098 praefectos
825 2032 991 2082 castrorum
1013 2021 1179 2100 praefuisse
1200 2029 1339 2099 parentes

25 2137 110 2179 omnes
127 2123 275 2198 praefecto
289 2126 429 2202 Aegypti,
452 2142 548 2200 neque
563 2125 652 2185 aliter
665 2127 772 2202 potuit,
795 2143 861 2184 cum
876 2125 1052 2201 praesertim
1069 2122 1177 2185 Strabo
1196 2125 1243 2198 17,
1259 2123 1337 2196 1,12

24 2221 208 2284 Romanorum
225 2227 358 2302 Aegypti
380 2226 669 2286 administrationem
693 2245 835 2286 enarrans
850 2235 880 2286 et
895 2229 1084 2304 magistratus
1100 2245 1204 2286 omnes
1220 2245 1339 2286 enumc-

24 2343 80 2383 rans
99 2327 133 2384 de
153 2328 305 2404 praefecto
325 2329 476 2388 exercitus
492 2338 598 2402 taceat,
621 2329 745 2388 Tacitus
760 2347 878 2406 quoqne
901 2330 985 2405 (hist.
1001 2333 1028 2402 l,
1046 2329 1098 2406 11)
1121 2329 1257 2388 similiter
1272 2348 1339 2388 eam

25 2427 173 2502 adumbret,
200 2431 234 2488 in
260 2430 346 2490 bellis
373 2431 501 2508 denique
523 2440 670 2508 quotquot
691 2431 729 2490 ad
750 2450 816 2490 eam
839 2433 1025 2508 provinciam
1047 2431 1254 2508 pertinuerunt
1280 2431 1339 2490 soli

24 2530 145 2602 praefecti
165 2533 339 2610 provInciae
358 2541 635 2593 commemorentur.
673 2532 732 2595 Sed
754 2535 811 2594 hoc
832 2542 865 2592 ut
886 2543 966 2594 recte
985 2535 1129 2594 referetur
1151 2533 1189 2592 ad
1205 2541 1340 2609 tempora

23 2631 148 2708 Augusti,
174 2636 286 2713 quippe
316 2635 423 2712 quibus
452 2643 512 2694 tres
538 2638 673 2713 legiones
696 2638 900 2714 Aegyptiacae
927 2637 1020 2696 ternis
1042 2637 1148 2696 castris
1174 2637 1339 2710 tenderent,

24 2751 71 2790 una
90 2737 311 2810 Alexandreae,
338 2739 434 2797 altera
456 2739 628 2816 Babylone,
654 2741 742 2798 tertia
768 2739 827 2798 alio
855 2740 925 2799 loco
952 2719 1170 2818 (euprepii),
1197 2740 1241 2798 ita
1266 2739 1340 2798 haec

24 2838 152 2897 ordinatio
173 2859 235 2899 non
257 2841 356 2916 potuit
379 2861 437 2898 non
458 2843 576 2914 mutari,
600 2855 758 2918 postquam
782 2861 842 2900 una
863 2843 982 2921 legione
1003 2862 1042 2901 ex
1058 2843 1198 2919 Aegypto
1214 2841 1341 2901 abducta

24 2938 85 2997 duae
104 2943 235 3018 reliquae
259 2944 432 3001 coniunctae
455 2943 492 3000 ad
508 2945 724 3004 Alexandriam
747 2945 867 3004 tendere
887 2955 1062 3021 coeperunt;
1086 2964 1154 3003 nam
1178 2943 1339 3004 secundum

25 3059 145 3116 eaquae
169 3045 238 3122 ipse
263 3046 479 3104 Wilmannsius
507 3047 527 3103 l.
550 3065 575 3104 ο.
599 3067 627 3123 p.
645 3047 680 3104 91
712 3047 852 3123 exposuit
878 3049 985 3106 castris
1014 3048 1083 3106 licet
1110 3047 1236 3125 geminis
1263 3065 1340 3106 unus

23 3151 117 3204 tantum
145 3147 317 3222 praefectus
339 3159 391 3206 est.
435 3149 466 3206 Is
489 3155 587 3206 autem
610 3167 676 3207 cum
700 3149 738 3208 ab
761 3150 855 3209 altera
877 3157 945 3208 utra
966 3149 1084 3227 legione
1106 3149 1252 3208 nominari
1281 3168 1340 3207 non

24 3249 113 3317 possit,
134 3259 213 3309 recte
236 3251 406 3327 appellatur
425 3255 587 3327 praefectus
611 3256 745 3310 exereitus
769 3255 819 3326 qui
840 3263 882 3310 est
902 3256 931 3308 in
953 3251 1094 3329 Aegypto.
1131 3251 1221 3311 Redit
1242 3253 1340 3330 ipsum

24 3349 180 3410 uocabulum
203 3371 265 3410 non
287 3355 318 3410 in
340 3353 447 3424 titulis,
477 3353 529 3411 sed
552 3354 632 3428 apud
656 3354 811 3411 Philonem
842 3352 924 3428 (adv.
946 3353 1088 3412 Flaccum
1114 3355 1175 3430 13).
1219 3354 1251 3412 Is
1274 3373 1340 3412 nar-

23 3465 80 3507 rans
100 3471 145 3511 res
166 3455 379 3513 Alexandreae
400 3463 502 3532 gestas
524 3457 690 3532 imperante
714 3454 793 3514 Gaio
816 3455 1019 3514 centurionem
1041 3456 1084 3514 ait
1105 3474 1144 3514 ex
1170 3457 1242 3514 urbe
1270 3456 1341 3514 mis-

23 3566 84 3624 sum,
104 3569 135 3614 ut
156 3557 341 3634 praefectum
356 3559 487 3634 Aegypti
511 3557 641 3615 vinctum
657 3557 783 3615 Romam
806 3557 936 3629 duceret,
959 3576 1025 3616 cum
1047 3557 1240 3630 escendisset,
1262 3557 1341 3615 mili·

23 3663 70 3711 tem
90 3658 237 3731 quendam
260 3660 387 3718 iussisse
409 3661 466 3718 sibl
488 3659 620 3718 indicare
642 3653 692 3730 τὴν
710 3653 796 3716 οἷκοάν
811 3649 1013 3742 στρατάρχου·
1036 3651 1125 3737 τούτῳ
1149 3659 1225 3735 (non
1243 3658 1339 3735 τοῦτο)

22 3748 69 3838 ycip
93 3751 229 3820 ἐβούλετο
256 3755 287 3817 rc*
314 3753 466 3845 ἆπᾶρρητον
492 3757 667 3836 ἀνενεγκεῖν,
694 3751 741 3819 ἵνα
767 3750 815 3818 καὶ
840 3751 876 3818 ἂν
903 3750 949 3838 bip
976 3755 1181 3842 πολυχειρίας,
1209 3751 1268 3839 ἔχῃ
1293 3755 1341 3818 τᾶν

23 3853 280 3934 τοιαγωναόμενον.
317 3862 405 3922 Unde
427 3884 493 3923 cum
517 3863 636 3923 aliunde
652 3873 770 3923 constet
791 3865 845 3922 sub
861 3861 984 3922 Nerone
1006 3875 1085 3923 certe
1108 3864 1184 3922 duas
1205 3863 1341 3941 legiones

21 3957 45 4014 in
65 3962 164 4023 iisdem
187 3967 296 4024 castris
319 3966 534 4024 Alexandrinis
563 3967 724 4026 tetendisse
752 3966 914 4043 (Iosephus
936 3966 1004 4026 bell.
1023 3965 1052 4039 2,
1070 3965 1118 4040 18,
1135 3966 1164 4026 8.
1194 3966 1342 4040 t,10,5;

21 4075 98 4137 supra
118 4085 146 4141 p.
163 4067 214 4142 9),
242 4067 273 4125 id
295 4069 361 4126 hinc
383 4069 550 4146 colligimus
579 4070 636 4126 iam
664 4089 690 4128 a.
715 4069 752 4128 38
783 4069 918 4127 similiter
944 4069 1125 4140 obtinuisss3
1158 4087 1227 4126 nam
1257 4091 1343 4151 στρα·

20 4153 121 4242 τιν’ρχου
145 4171 256 4228 mentio
282 4179 362 4229 reete
384 4171 529 4246 explicari
551 4191 610 4230 non
634 4180 734 4246 potest
761 4171 820 4229 nisi
847 4171 1014 4248 adsumptis
1042 4171 1150 4230 castris
1173 4171 1341 4248 geminatis.

22 4259 150 4328 Similiter
171 4271 253 4347 quod
276 4271 428 4331 Liternina
448 4273 572 4346 Fronto,
596 4275 647 4349 qui
669 4275 698 4330 in
722 4273 800 4332 bello
819 4273 961 4332 Iudaeico
984 4273 1047 4331 Titi
1070 4293 1096 4332 a.
1114 4273 1153 4330 to
1175 4271 1342 4332 vexillatio-

20 4365 95 4426 nibus
126 4373 263 4431 miliariis
291 4375 414 4434 duarum
443 4376 591 4452 legionum
620 4377 870 4453 Aegyptiacorum
904 4375 1050 4452 praefuit,
1084 4365 1343 4457 στρατοπεδάρχης

19 4471 177 4546 appellatur
198 4479 253 4532 τῶν
276 4471 330 4533 ἀπ’
360 4471 421 4554 (ἐπ’
446 4478 619 4536 Alexandre
646 4479 724 4555 apud
746 4477 909 4536 Renierum
932 4477 1100 4556 proposuit)
1122 4471 1343 4560 Ἀλεξανδρείας

20 4562 62 4626 δύο
83 4567 248 4658 ταγμάτων,
269 4588 349 4637 recte
363 4579 512 4638 Renierus
535 4580 654 4655 (conset'l
675 4583 709 4637 de
728 4599 830 4656 puer-rc
845 4592 908 4639 tenu
928 4599 986 4656 par
1002 4579 1081 4638 Titne
1103 4601 1131 4656 p.
1149 4579 1188 4637 48
1205 4577 1284 4654 seq.)
1306 4597 1342 4637 eo

20 4675 132 4748 rettulit,
163 4681 245 4753 quod
267 4681 374 4739 castris
396 4682 525 4758 praefuit
547 4683 699 4758 utriusque
721 4683 863 4760 legionis,
891 4681 1005 4741 addens
1032 4683 1121 4740 ctiam
1144 4681 1181 4738 T.
1198 4679 1342 4740 Suedium

20 4769 207 4852 Clementem,
235 4783 286 4857 qui
313 4803 388 4840 anno
411 4785 450 4840 II
478 4784 561 4860 mot)
590 4788 658 4860 imp.
684 4783 819 4859 n(ostr·t'),
846 4785 878 4841 id
909 4791 953 4842 est
982 4783 1036 4854 79,
1069 4783 1259 4842 Memnonem
1289 4801 1341 4841 ex·

20 4875 122 4936 audivit
142 4883 332 4959 praeffectus)
358 4896 517 4944 castrorum
539 4885 660 4960 (0111,
681 4886 747 4962 33),
770 4887 887 4962 utrique
909 4886 1026 4962 legione
1047 4884 1216 4962 praefuisse
1237 4883 1342 4942 videri.

19 4975 87 5037 Nam
110 4985 277 5057 praefectus
300 4987 446 5046 eiusmodi
468 4997 500 5045 ut
521 4997 600 5046 recte
624 4989 769 5046 exercitui
792 4988 900 5046 dicitur
921 5003 1075 5064 praeesse,
1101 4987 1198 5062 potuit
1220 4986 1342 5044 omuino

19 5081 98 5139 etiam
121 5087 263 5160 praefecti
286 5098 453 5148 castrorum
477 5091 625 5149 vocabulo
647 5091 688 5148 uti
704 5091 858 5149 vocabulis
874 5089 1024 5167 legionum
1041 5096 1093 5148 aut
1108 5089 1216 5148 additis
1231 5088 1343 5166 pariter

20 5193 66 5239 aut
85 5190 213 5249 omissis.
254 5191 356 5250 Desiit
377 5192 428 5268 qui
443 5192 655 5251 Alexandreae
671 5193 728 5252 fuit
742 5193 910 5270 praefectus
926 5201 1090 5252 castrorum
1106 5211 1197 5269 super
1211 5191 1343 5268 reliquos

20 5287 150 5365 eminere,
174 5301 332 5372 postquam
356 5295 507 5355 exercitus
524 5297 729 5374 Aegyptiacus
752 5297 789 5355 ad
812 5315 899 5355 unam
914 5295 1062 5373 legionem
1078 5295 1215 5356 redactus
1232 5303 1289 5366 est;
1312 5291 1343 5350 id
