3348 5926
303 599 374 670 636
878 615 1061 668 cromnam

303 791 370 848 loco
399 809 458 847 non
486 790 714 866 quaeremus¹);
749 789 938 866 cogitandum
965 791 1023 848 erit
1048 788 1236 865 potissimum
1265 787 1301 845 de
1328 786 1514 844 curatoribus
1539 805 1625 843 reron

305 893 503 968 publicarum,
530 911 607 968 quos
629 899 749 950 constat
770 893 826 948 hac
849 899 946 950 aetate
969 900 1047 949 certe
1070 891 1101 947 in
1122 889 1286 965 provinciis
1308 889 1463 947 Africanis
1483 893 1626 964 magistra·

302 1001 387 1052 tuum
409 995 633 1072 municipalium
657 994 755 1052 locum
780 993 943 1051 obtinuisse
965 999 995 1050 et
1018 1011 1090 1050 susc
1114 1009 1262 1068 quemque
1288 991 1418 1050 civitatis
1444 991 1562 1067 negotia
1585 989 1624 1046 sl-

304 1098 503 1156 ministrasse.

348 1197 487 1260 Secundo
508 1199 602 1274 gradu
626 1198 756 1257 salutent
777 1197 945 1274 praesidem
966 1197 1094 1274 primum
1110 1195 1257 1254 officiales
1273 1197 1369 1272 ipsios
1387 1196 1542 1270 primores.
1576 1191 1618 1252 ss·-

304 1301 374 1359 licet
396 1320 461 1359 cnm
487 1318 611 1376 praeses
638 1301 810 1377 provinciae
838 1299 966 1356 officium
994 1299 1114 1371 habeat,
1145 1297 1308 1356 secundum
1333 1295 1481 1354 Notitiam
1505 1296 1621 1372 Dignita-

302 1401 416 1478 euml),
443 1403 514 1461 hoc:
546 1404 570 1459 l.
594 1402 772 1479 principem;
802 1400 831 1458 2.
851 1400 1096 1470 cornicularium
1125 1401 1153 1458 3.
1170 1403 1485 1469 commentariensem
1516 1398 1621 1454 hedis

304 1515 412 1576 torem;
442 1505 700 1574 enumeratum
728 1503 756 1560 6.
780 1503 817 1560 ab
840 1503 929 1572 actis3
958 1503 985 1560 7.
1009 1521 1027 1558 a
1050 1502 1176 1572 lihellis;
1206 1503 1234 1561 8.
1257 1511 1452 1578 exceptores3
1479 1500 1510 1557 9.
1529 1513 1624 1557 catera

304 1606 518 1677 cohortalium,
541 1606 600 1662 hoc
621 1605 715 1681 gradu
739 1614 880 1662 vocantur
902 1604 988 1679 primi
1012 1604 1071 1662 duo
1094 1605 1233 1680 princeps
1256 1613 1287 1661 et
1307 1602 1535 1660 cornicularius.

347 1704 443 1766 Simul
468 1715 611 1765 vocantur
633 1705 779 1777 Palatini3
806 1707 893 1764 aliter
921 1706 998 1762 enim
1027 1705 1126 1764 hiatus
1153 1705 1269 1781 expleri
1295 1705 1407 1780 nequit.
1459 1702 1625 1762 Officisliun

303 1809 420 1867 scilicet
442 1809 500 1866 duo
523 1827 634 1886 genere
656 1818 727 1866 sunt
749 1809 974 1885 magistratuum
996 1808 1152 1880 maiorum,
1181 1825 1308 1883 quorum
1332 1815 1470 1882 potestas
1494 1825 1553 1863 non
1573 1823 1626 1861 con-

302 1911 414 1969 tinetur
435 1911 522 1969 unius
545 1910 716 1986 provinciae
738 1910 862 1980 tinibus,
890 1919 920 1967 et
944 1909 1116 1984 praesidum
1143 1910 1379 1984 provinciarum
1408 1909 1440 1964 hi
1466 1906 1626 1965 cohortalis}

303 2013 450 2088 appellari
472 2013 579 2084 solent,
602 2012 645 2070 illi
661 2011 793 2070 Palatini
803 2010 848 2087 ³);
871 2019 901 2069 et
922 2012 1011 2070 habet
1033 2013 1178 2070 rationem
1195 2011 1352 2070 Palatinos
1372 2027 1478 2068 omnes
1495 2008 1626 2066 admissos

302 2133 369 2172 esse
390 2133 450 2173 una
472 2134 539 2173 cum
562 2115 739 2190 primatibus
761 2113 876 2172 duobus
898 2112 1159 2174 cohortalinorum.

344 2217 450 2274 Tertia
472 2217 535 2274 vice
556 2217 608 2292 qui
630 2217 860 2274 introducuntur
882 2217 1025 2285 coronati,
1054 2215 1090 2273 de
1111 2216 1149 2274 iie
1177 2215 1300 2274 difficile
1325 2225 1374 2273 est
1400 2221 1547 2283 statuere,
1573 2231 1624 2270 run

299 2337 377 2394 quae
401 2318 604 2394 sequebantur
625 2319 655 2376 in
678 2317 778 2393 lapide
799 2317 969 2376 oblitterata
991 2316 1059 2374 sint.
1102 2316 1250 2376 Videntur
1272 2325 1374 2376 tamen
1395 2316 1496 2375 redire
1519 2317 1548 2373 in
1569 2333 1622 2372 cou-

301 2421 456 2478 stitutione
478 2439 504 2477 a.
521 2419 580 2477 407
610 2416 659 2494 (C.
676 2419 734 2476 Th.
753 2418 801 2490 16,
816 2417 845 2490 2,
868 2417 922 2493 38>
948 2419 1058 2477 emissa
1081 2418 1119 2476 ad
1142 2419 1354 2495 proconsulem
1378 2418 1517 2488 Africae,
1546 2417 1621 2473 utin

302 2523 464 2580 satisfieret
491 2522 628 2598 precibus
658 2521 866 2597 episcoporum
897 2539 932 2577 eo
961 2520 1029 2596 ipso
1058 2539 1136 2578 anno
1165 2517 1346 2597 Carthagine
1380 2529 1621 2598 congregatorum

301 2641 378 2698 quae
408 2633 478 2682 sunt
505 2624 561 2680 hae
594 2621 676 2696 (coll.
704 2621 809 2680 concil.
839 2622 884 2679 ed.
912 2621 1010 2680 Mansi
1036 2625 1148 2680 tom.3
1176 2641 1205 2698 p.
1222 2621 1284 2680 802
1306 2647 1343 2672 =
1364 2625 1473 2680 tomi
1501 2641 1530 2698 p.
1547 2619 1620 2690 sust:

295 2725 450 2800 placuit..
466 2735 497 2782 ut
515 2733 615 2800 petant
637 2743 669 2781 er
690 2728 802 2782 nornine
819 2728 1034 2800 proclamarunt
1056 2728 1179 2782 omniurn
1201 2724 1290 2800 leycti
1384 2742 1404 2780 a
1424 2725 1622 2800 ploriasissinir

300 2827 528 2900 imperatoribus,
550 2835 582 2883 ut
596 2827 662 2884 deret
675 2828 846 2903 facultatem
869 2827 1030 2900 defensores
1052 2828 1241 2886 consumendi
1262 2825 1449 2885 scholasticos
1464 2829 1558 2902 quiin
1572 2833 1622 2882 cet

301 2937 366 2986 sunt
387 2928 431 2985 cel
451 2931 482 2984 in
504 2947 616 2986 munere
638 2930 811 3004 defensionis
833 2946 1000 3001 causarum,
1022 2939 1053 2988 ut
1073 2948 1150 2987 more
1170 2930 1348 2988 sacerdotum
1365 2931 1536 3004 prouinciae
1556 2927 1622 2984 tideus

299 3031 371 3100 ipsi,
399 3033 448 3104 qui
469 3029 659 3102 defensionem
687 3033 869 3088 ecclesiarum
890 3035 1077 3107 susceperint,
1104 3032 1226 3090 habunt
1244 3032 1418 3105 facultatem
1439 3031 1622 3106 pronepotis

299 3131 484 3188 ecclesiarum
599 3133 712 3207 inpredi
732 3133 858 3191 iudicum
878 3135 1042 3191 secretoria.
1087 3133 1234 3191 Adnuunt
1254 3133 1468 3208 imperatores:
1501 3131 1622 3208 (ecclaiu
1672 3141 1673 3150 ¹

300 3241 324 3289 et
346 3230 467 3306 cler-icis)
491 3232 542 3290 hoc
564 3273 590 3289 ..
610 3237 798 3308 praecipuum
819 3245 846 3292 et
866 3233 1013 3310 stapulare
1034 3235 1200 3308 descrimus,
1230 3245 1262 3293 ut
1283 3253 1477 3310 warnaeus
1504 3235 1537 3292 de
1557 3233 1619 3290 eihs

298 3334 340 3390 ad
360 3333 506 3392 ecclesiam
528 3342 637 3392 tantum
655 3338 827 3410 pertinentia
848 3336 1011 3410 specialiter
1025 3338 1137 3409 fuerint
1152 3341 1315 3412 impetrata,
1336 3355 1396 3394 non
1407 3354 1463 3412 per
1478 3343 1622 3395 coronatas.
1671 3407 1672 3426 ,

298 3434 349 3492 sed
369 3433 405 3491 ab
428 3435 584 3507 aduocatis,
607 3455 702 3494 eorum
723 3437 875 3506 arbitratu,
899 3446 924 3494 et
943 3437 1084 3496 iudicibus
1100 3441 1275 3498 innotescant
1288 3447 1316 3496 et
1329 3442 1492 3496 sortiantur
1505 3439 1621 3512 effectae.

299 3534 469 3594 Sacerdotes
492 3555 558 3595 uero
578 3541 740 3612 provinciae
764 3549 845 3596 erum
871 3539 1003 3610 solliciti,
1032 3557 1067 3598 ne
1092 3541 1142 3598 sub
1169 3541 1223 3598 hoc
1248 3543 1356 3599 scilicet
1378 3541 1532 3616 pricilepii
1556 3557 1620 3597 erru-

297 3643 405 3696 satione
427 3641 510 3696 etiarn
537 3649 635 3698 contra
661 3657 756 3697 eonem
783 3641 931 3698 utilitatem
955 3641 1070 3717 aliquid
1096 3643 1140 3699 his
1167 3645 1311 3718 inseratur
1335 3643 1517 3701 incornmodi.
1562 3639 1621 3696 lude

296 3738 361 3797 iure
382 3739 558 3816 colligemus
581 3749 650 3798 ante
672 3759 739 3798 eam
760 3741 855 3819 legem
877 3741 975 3799 datam
994 3743 1046 3818 qui
1062 3743 1208 3802 ecclesiae
1223 3743 1343 3802 nomine
1359 3743 1503 3819 quiddam
1519 3761 1620 3820 sprec

297 3840 362 3899 side
384 3850 511 3917 peteret,
535 3863 588 3919 per
609 3851 783 3900 coronatum
807 3861 868 3900 rem
892 3843 930 3901 ad
953 3845 1121 3920 praesidem
1145 3844 1304 3917 detulisse,
1328 3847 1388 3903 iem
1416 3865 1488 3905 vero
1513 3847 1572 3904 lats
1592 3861 1620 3899 cs
1669 3897 1670 3902 ,

297 3942 475 4001 advocatum
498 3943 640 4003 ecclesiae
662 3943 847 4002 defensorem
870 3946 1064 4004 constitutum
1086 3963 1145 4004 non
1166 3947 1383 4006 interveniente
1404 3961 1550 4007 coronato
1567 3963 1620 4004 cun

356 4171 379 4234 ¹)
399 4173 541 4222 Videantur
560 4189 625 4238 quae
644 4176 808 4238 exposuimus
828 4177 981 4241 Msrquardt
1000 4175 1246 4244 Staatscerucltunq
1271 4178 1322 4240 (ed.
1338 4180 1364 4238 2)
1388 4179 1471 4228 roll
1497 4180 1618 4243 pltea
1668 4159 1669 4174 ³

296 4279 343 4328 ego
363 4264 533 4329 interpretans
552 4265 638 4315 album
656 4267 755 4316 ordinis
769 4269 992 4332 Thamugsdeneie
1012 4269 1049 4330 (in
1062 4271 1109 4320 hec
1123 4270 1189 4335 Eph.
1210 4271 1288 4320 vohd
1309 4287 1335 4336 p.
1348 4272 1381 4322 79
1392 4271 1457 4336 seq.)
1477 4272 1536 4322 huic
1548 4269 1617 4319 edna

296 4357 412 4420 aequale.

354 4445 379 4509 ²)
399 4449 506 4500 Secutus
525 4465 582 4498 sum
601 4451 703 4500 scheme
722 4449 768 4502 Or.
788 4467 810 4501 c.
824 4451 924 4502 XLIII.
944 4451 1032 4503 XLIV
1053 4451 1112 4513 (nisi
1133 4453 1203 4516 quod
1222 4469 1244 4502 c.
1257 4455 1355 4516 XLIV,
1378 4469 1468 4504 errore
1485 4454 1578 4504 librarii
1596 4462 1615 4500 ut

296 4539 405 4601 videtur,
426 4541 510 4590 deficit
530 4543 574 4606 qui
594 4549 633 4592 est
652 4556 668 4591 s
686 4542 799 4605 libellis).
837 4543 869 4593 In
888 4545 968 4594 altero
987 4543 1048 4594 Oce.
1068 4559 1090 4592 c.
1103 4543 1204 4594 XLIII.
1217 4544 1307 4594 XLIV
1327 4546 1403 4595 tertio
1423 4547 1480 4596 loco
1497 4547 1614 4596 nominau-

294 4637 336 4681 tur
354 4630 479 4681 tabularii
497 4631 554 4694 duo,
575 4650 632 4683 eum
652 4635 756 4684 deficiat
775 4635 864 4700 quinto
883 4636 1053 4697 numerarius,
1073 4643 1099 4684 et
1117 4651 1164 4700 pro
1185 4638 1228 4700 qui
1248 4643 1285 4686 est
1305 4654 1322 4686 a
1341 4636 1434 4687 libellis
1452 4638 1554 4701 ponitur
1570 4633 1612 4684 sel

296 4720 397 4774 adiuva.
436 4725 572 4776 Praeterea
591 4741 612 4776 c.
626 4727 727 4788 XLIII,
748 4741 833 4776 errore
853 4727 968 4790 omnino,
987 4728 1089 4777 adiutor
1107 4727 1238 4793 praeeedit
1257 4731 1520 4780 commentariensem.

353 4815 378 4876 ⁸)
399 4815 440 4865 Dc
459 4831 486 4865 re
506 4825 568 4867 notu
586 4818 681 4868 sufficit
700 4819 831 4868 remittere
850 4819 884 4867 sd
903 4818 1059 4870 Gothoiredi
1078 4821 1218 4885 paratitlon
1238 4820 1268 4870 C.
1283 4822 1333 4874 Th.
1348 4823 1374 4885 6,
1388 4821 1432 4872 30.
1473 4823 1565 4870 Verum
1585 4827 1612 4866 est

296 4907 429 4957 Palatinos
449 4909 610 4972 potissimum
631 4910 746 4972 intellegi
766 4910 889 4960 officiales
909 4912 1031 4961 comitum
1050 4925 1180 4962 sacrarum
1199 4913 1365 4977 largitionum
1390 4921 1415 4963 et
1437 4929 1520 4963 renum
1542 4913 1611 4977 priu-

293 5005 427 5064 tsrumque
446 5001 557 5065 itemque
570 5002 706 5052 castrensis
719 5001 785 5051 sacri
799 5002 901 5066 palatii;
922 5009 1007 5053 utrum
1021 5006 1042 5053 is
1056 5005 1100 5068 qui
1114 5005 1231 5054 ordinem
1245 5005 1408 5056 salutationis
1420 5005 1520 5070 scripsit
1533 5005 1562 5053 de
1575 5003 1613 5052 itte

292 5091 453 5154 potissimum
473 5093 603 5156 cogitarit,
629 5107 692 5156 qnos
711 5095 859 5158 saepissime
879 5095 906 5144 in
925 5095 1064 5159 provinciis
1084 5105 1198 5146 versutos
1224 5112 1279 5147 esse
1304 5105 1394 5150 notum
1417 5107 1466 5161 eet,
1489 5113 1521 5148 eu
1547 5099 1611 5146 eden

292 5181 416 5233 officiales
435 5185 622 5248 praefectorum
641 5185 784 5248 praetorio,
811 5186 855 5250 qul
874 5188 978 5251 proprie
1003 5195 1062 5236 sunt
1085 5188 1266 5252 praefectiani,
1291 5199 1317 5240 et
1341 5193 1460 5241 comitum
1484 5189 1611 5253 ducumque

292 5273 330 5320 rei
350 5274 467 5324 militaris
486 5277 577 5326 latiore
597 5291 672 5326 sensu
691 5277 825 5328 Palatinos
844 5279 950 5341 vocarit,
971 5279 1073 5330 deliniri
1092 5295 1145 5330 non
1164 5286 1257 5345 potest.
