3544 5932
761 584 1035 638 ADDITAMENTA
1061 587 1145 638 VOL.
1166 585 1209 637 111

918 885 1052 948 liiacbtu.
1094 892 1099 902 '

362 1063 495 1124 Kiachta
516 1063 658 1144 oppidum
682 1063 772 1123 situm
794 1061 832 1121 ad
850 1061 1015 1150 Biclara-Su
1038 1062 1133 1120 rivum
1155 1061 1340 1137 (affluentem
1361 1062 1444 1122 fluvii
1459 1057 1660 1136 Kiaohta·Su,

321 1169 373 1243 qui
394 1168 460 1243 ipse
482 1167 588 1226 incidit
608 1167 639 1224 in
655 1165 863 1242 Euphratem),
886 1165 970 1236 olim,
991 1171 1024 1222 ut
1045 1184 1083 1222 ex
1105 1163 1153 1223 his
1176 1163 1272 1223 titulis
1296 1165 1369 1224 solis
1385 1165 1524 1238 innotuit,
1548 1163 1660 1224 Chabi-

320 1289 389 1328 nam
413 1269 537 1340 dictum,
566 1269 597 1326 in
619 1269 695 1345 ipsis
719 1267 856 1326 confiniis
880 1264 1096 1344 Commagenes
1119 1275 1150 1325 et
1172 1263 1396 1343 Cappadociae,
1419 1267 1533 1343 antiqui
1555 1266 1661 1344 oppidi

320 1371 418 1430 locum
447 1371 581 1428 tenuisse
608 1369 770 1429 verisimile
797 1388 857 1427 non
889 1379 951 1440 est,
984 1387 1039 1426 nec
1071 1368 1148 1426 tituli
1177 1367 1229 1444 qni
1256 1369 1334 1427 infra
1358 1369 1498 1446 leguntur
1523 1367 1601 1427 illud
1627 1378 1663 1426 ut

322 1479 487 1530 statuamus
511 1489 566 1530 nos
589 1481 712 1550 cogunt,
734 1490 788 1530 nec
810 1471 907 1547 magis
929 1479 1150 1530 monumentum
1174 1470 1314 1529 Antiochi
1337 1471 1418 1548 regis
1441 1469 1661 1546 Commagenes

320 1573 433 1633 factum
455 1574 485 1631 in
508 1573 601 1632 Tauri
623 1575 734 1633 vertice
756 1573 895 1650 proximo
917 1569 1175 1650 Nemrud-dagh,
1205 1572 1364 1648 repetitum
1386 1573 1457 1632 item
1478 1573 1508 1630 in
1532 1573 1662 1631 castello

322 1691 414 1752 supra
435 1675 578 1752 oppidum
601 1676 730 1734 vicinum
754 1673 869 1752 Gerger
890 1673 929 1731 ad
951 1674 1154 1752 Euphratem,
1181 1674 1262 1750 quod
1285 1675 1410 1734 credunt
1430 1674 1525 1734 fuisse
1545 1675 1661 1734 Barza-

320 1777 420 1836 lonem
442 1778 603 1836 Armeniae
629 1777 753 1836 minoris
781 1777 988 1851 (Ptolemaeus
1013 1777 1040 1850 5,
1057 1775 1085 1848 7,
1103 1776 1166 1852 11).
1216 1773 1275 1836 Sed
1302 1777 1442 1853 antiquos
1467 1777 1543 1836 lines
1573 1777 1662 1854 regni

321 1877 539 1957 Commagenes
566 1887 595 1938 et
622 1897 695 1938 mox
722 1878 891 1955 provinciae
918 1877 957 1937 ad
982 1879 1039 1937 hos
1067 1877 1148 1936 locos
1175 1895 1271 1954 usquc
1296 1878 1475 1956 pertinuisse
1496 1878 1565 1937 inde
1593 1880 1662 1937 iure

320 1981 479 2057 colligitur.
530 1980 709 2058 Exploravit
734 1981 811 2039 hano
838 1981 990 2058 regionem
1017 1999 1112 2057 nuper
1140 1978 1212 2038 Otto
1239 1979 1401 2039 Puchstein
1430 1981 1564 2056 (Baricbt
1587 1980 1661 2040 tiber

321 2086 380 2141 eine
401 2083 485 2141 Reice
510 2085 540 2142 ia
563 2081 723 2142 Kurdistcu
750 2083 781 2142 in
808 2083 883 2141 actis
911 2083 1076 2141 minoribus
1102 2081 1272 2141 academiae
1294 2082 1497 2142 Berolinensis
1524 2101 1551 2141 a.
1575 2080 1658 2142 1883

319 2203 349 2260 p.
366 2183 405 2243 29
422 2202 484 2261 seq.
509 2184 624 2244 adiecta
645 2183 783 2262 mappa);
813 2183 916 2243 titulos
939 2185 976 2244 ab
999 2202 1035 2244 eo
1062 2183 1229 2261 descriptos
1257 2192 1287 2242 et
1309 2201 1365 2262 ego
1388 2204 1426 2244 ex
1449 2183 1565 2244 schedis
1588 2185 1657 2244 eius

320 2287 422 2364 accepi
444 2295 473 2346 et
494 2287 609 2363 accepit
630 2286 803 2362 Henzenus,
826 2287 877 2364 qui
900 2285 993 2346 edidit
1013 2285 1096 2346 Ball.
1120 2283 1186 2346 dett*
1207 2285 1342 2347 Instituta
1367 2285 1445 2347 1883
1469 2304 1497 2363 p.
1516 2286 1553 2347 83
1571 2301 1635 2363 seq.

788 2545 917 2624 (Tectum
940 2549 1004 2608 aida
1022 2566 1091 2626 pap.
1115 2547 1188 2626 aeq.)

363 2807 495 2870 25-30.
537 2807 710 2868 Tribunicia
730 2815 864 2884 potestas
882 2806 985 2868 Severi
1001 2807 1065 2866 XII
1085 2807 1232 2885 significat
1253 2807 1373 2881 1.204;
1396 2809 1559 2887 imperator
1573 2805 1657 2871 VIII

319 2911 399 2970 idem
427 2911 484 2970 fuit
511 2929 564 2988 per
591 2931 618 2969 a.
642 2909 699 2970 195
724 2909 776 2988 (i).
807 2909 874 2968 106.
894 2909 967 2983 197,
994 2929 1056 2970 111.
1072 2909 1105 2968 II
1132 2930 1187 2988 per
1212 2909 1430 2971 11194-201.
1478 2913 1655 2972 Antoninus

319 3015 476 3092 Augustus
500 3013 558 3072 dici
580 3019 703 3090 coeptus
725 3021 771 3071 est
793 3031 818 3070 a.
838 3012 906 3084 198,
928 3011 999 3089 imp.
1011 3011 1062 3070 III
1084 3009 1125 3086 (si
1146 3012 1265 3088 quidem
1287 3013 1344 3071 hoc
1367 3032 1435 3072 vere
1455 3013 1487 3070 in
1502 3013 1656 3089 lapidibus

320 3115 442 3192 legitur)
457 3124 529 3192 post
543 3123 667 3173 mortem
682 3113 801 3173 demum
817 3115 911 3190 patris
928 3134 953 3174 a.
968 3115 1037 3174 213.
1065 3112 1228 3172 Hennenus
1245 3113 1369 3173 coniecit
1384 3115 1559 3191 scriptorem
1573 3117 1656 3175 tituli

318 3217 527 3294 imperatorias
549 3216 780 3276 acclamationes
803 3218 881 3275 male
903 3233 1017 3276 annuas
1039 3215 1157 3294 imperii
1180 3215 1360 3289 credidisse3
1396 3217 1449 3276 sed
1475 3225 1508 3275 ut
1534 3216 1567 3274 id
1594 3217 1656 3276 lar-

319 3319 451 3396 giamur,
473 3318 553 3396 quod
574 3318 627 3378 vix
648 3325 678 3377 et
699 3337 736 3377 ne
758 3319 811 3377 vix
833 3319 953 3394 quidem
974 3319 1058 3391 licet,
1085 3321 1128 3377 ita
1149 3318 1287 3377 ducimur
1308 3318 1346 3377 ad
1367 3337 1478 3378 annum
1501 3316 1579 3390 200,
1601 3321 1654 3395 qui

318 3419 507 3479 tribuniciam
530 3426 708 3497 potestatem
725 3417 830 3480 Severi
851 3421 976 3497 requirit
997 3440 1057 3480 non
1071 3419 1147 3492 XIl,
1171 3419 1224 3478 sed
1240 3417 1328 3478 VIll.
1364 3419 1440 3480 Eius
1462 3419 1530 3478 loco
1547 3437 1654 3480 rursus

318 3521 379 3580 XlI
400 3523 531 3599 positum
553 3540 622 3580 esse
643 3529 766 3600 propter
787 3541 942 3581 numerum
965 3522 1213 3582 acclamationum
1235 3541 1272 3580 ne
1293 3523 1392 3600 ipsum
1414 3522 1532 3598 quidem
1550 3541 1654 3580 verum

319 3622 401 3698 (nam
425 3643 452 3682 a.
469 3622 530 3682 200
553 3622 678 3684 Severus
699 3625 758 3683 fuit
778 3627 848 3701 imp.
864 3624 925 3697 XI,
951 3625 1009 3683 etsi
1031 3643 1120 3701 saepe
1145 3641 1200 3701 pro
1227 3643 1263 3682 eo
1289 3641 1413 3682 numero
1439 3623 1549 3701 legitur
1570 3622 1654 3699 ΧΗ)

320 3725 386 3800 quis
401 3724 545 3784 Henneno
561 3725 680 3785 credet?
713 3711 808 3785 Immo
823 3745 906 3785 mera
926 3744 1115 3785 numerorum
1137 3725 1323 3801 perturbatio
1339 3726 1451 3797 subest,
1474 3743 1528 3783 nec
1543 3724 1651 3784 mirum

318 3826 350 3882 in
372 3825 424 3884 illo
446 3828 556 3904 angulo
578 3835 724 3886 terrarum
747 3828 960 3904 imperatorum
982 3827 1083 3886 titulos
1105 3829 1259 3904 ignoratos
1282 3845 1350 3886 esse
1375 3833 1406 3886 et
1430 3825 1651 3903 pessumdatos.

321 3959 359 3969 —
383 3925 518 4004 Legatus
541 3929 713 4004 provinciae
734 3929 811 3987 redit
832 3930 861 3987 in
879 3928 966 3986 titulo
982 3929 1153 3987 Britannico
1175 3929 1234 3987 vol.
1248 3928 1317 4002 VII,
1337 3927 1414 3987 1003
1437 3928 1475 3986 cf.
1492 3925 1562 3988 269.
1579 3925 1651 3985 210.

320 4027 395 4100 513,
427 4029 479 4104 qui
506 4049 572 4088 cum
598 4031 714 4108 positus
749 4039 809 4102 est,
842 4028 969 4091 Senecio
995 4029 1113 4107 legatus
1138 4029 1195 4088 fuit
1221 4029 1404 4088 Britanniae.
1452 4029 1489 4087 Id
1517 4027 1650 4088 officium

318 4128 460 4188 Huebncr
487 4131 576 4205 (mus.
603 4130 698 4190 Rhen.
721 4129 759 4188 12
781 4149 809 4206 p.
828 4131 865 4191 61
886 4131 923 4190 11.
947 4133 984 4190 14
1011 4150 1039 4207 p.
1057 4131 1131 4207 361)
1165 4150 1232 4189 eum
1264 4131 1376 4190 indicat
1407 4131 1540 4190 tenuisse
1572 4131 1653 4188 inter

318 4249 345 4290 a.
363 4230 422 4288 205
441 4241 470 4289 et
486 4229 563 4303 2083
592 4233 646 4291 sed
668 4233 811 4308 temporis
833 4232 1040 4292 determinatio
1062 4233 1093 4290 in
1120 4232 1243 4291 dubium
1265 4233 1365 4292 vocari
1387 4211 1496 4310 potest.
1540 4229 1651 4308 Legati

316 4313 443 4407 legionis
465 4351 585 4393 cursum
608 4334 751 4393 honorum
776 4333 983 4395 subministrat
1005 4333 1108 4394 titulus
1129 4333 1263 4394 Dacicus
1287 4333 1421 4408 vol.III,
1439 4332 1528 4393 1118.
