3444 5932
98 581 194 630 tta-245
319 581 489 632 EDICTVM
516 581 752 632 DIOCLETIANI
778 581 827 630 Dtt
854 580 995 632 PRETIIS
1023 579 1158 630 RERVM.
1355 557 1400 626 87

198 953 418 1030 EDICTVM
445 953 764 1031 DIOCLETIANI
792 954 859 1029 DE
886 952 1078 1030 PRETIIS
1104 952 1274 1028 RERVM

448 1113 490 1190 (p.
508 1113 579 1172 801.
598 1115 686 1172 1055.
724 1113 801 1190 opt.
819 1111 862 1170 1v
884 1132 913 1188 p.
932 1111 1013 1189 rso).

228 1285 528 1347 rnnonnnrvn
551 1283 831 1346 tustomovn
855 1284 1062 1359 Qvnnrvu
1086 1285 1128 1362 (p.
1146 1285 1232 1361 ara).

89 1423 143 1480 ttt
163 1423 289 1500 Paginae
312 1425 422 1498 prioris
447 1445 474 1482 v.
488 1423 589 1482 9-12
613 1425 737 1482 redeunt
759 1423 788 1480 in
812 1423 913 1482 tabula
930 1421 1139 1482 Gerouthroea
1161 1424 1265 1498 quinta
1282 1442 1310 1480 n.
1324 1420 1396 1492 246,

122 1524 162 1582 ubi
177 1526 239 1583 vide
261 1525 415 1584 adnotata.
456 1527 481 1596 l,
499 1527 536 1584 22
561 1529 681 1606 supplet
697 1527 877 1587 Schmidtius
892 1525 987 1583 Mittit.
1005 1527 1053 1582 des
1070 1525 1163 1582 otiien.
1182 1526 1251 1582 lost.
1270 1525 1285 1580 7
1310 1543 1339 1580 n.
1357 1522 1394 1580 29

122 1617 254 1700 [phiatam
278 1619 404 1704 idimon]
429 1628 492 1684 sire
514 1621 630 1708 >sirach
675 1631 757 1688 Idem
781 1630 922 1687 observat
944 1627 1082 1702 paginam
1106 1626 1299 1702 posteriorem
1316 1625 1395 1700 frag·

120 1729 194 1785 menti
214 1727 376 1786 Lebadiaci
398 1729 494 1804 quarti
521 1741 549 1788 et
575 1733 692 1789 tertiam
721 1731 878 1808 fragmenti
902 1727 1101 1788 Gerouthraei
1127 1727 1223 1802 quinti
1252 1725 1288 1784 ad
1316 1725 1393 1784 idem

120 1839 193 1903 capnt
212 1829 392 1906 pertinuisse
414 1841 572 1890 recensens
595 1834 816 1892 medicamenta.

1278 1968 1391 1977 ...-

285 2049 475 2108 nxunrut
501 2051 692 2110 duonum
722 2051 786 2111 on.
810 2051 841 2109 11
868 2050 959 2126 (spu.
976 2049 1021 2108 1v
1044 2069 1072 2126 p.
1092 2049 1174 2124 rso).

99 2163 145 2223 iii
159 2167 339 2246 Recognovit
360 2170 424 2226 Ioh.
443 2169 577 2230 Schmidt
599 2181 628 2230 et
649 2179 787 2248 ectypum
810 2171 949 2247 sumpsit,
971 2189 1030 2246 quo
1053 2189 1118 2228 mea
1139 2169 1227 2227 lectio
1251 2168 1391 2226 universa

124 2271 301 2329 confirmatur.
335 2271 429 2330 Addit
445 2271 581 2332 Schmidt
595 2275 655 2344 1,4
678 2274 759 2331 cerni
773 2273 824 2345 M,
848 2273 941 2332 videri
965 2271 1058 2330 fuisse
1080 2287 1125 2342 ts;
1148 2271 1218 2329 item
1235 2271 1264 2328 in
1281 2270 1391 2346 pagiua

120 2369 195 2428 altere
216 2373 297 2430 addit
319 2381 388 2430 aute
410 2375 538 2449 primum
560 2393 680 2433 versum
696 2396 792 2436 meum
808 2375 1076 2451 ceruimsupra
1091 2387 1113 2432 ο
1129 2391 1233 2432 versus
1249 2371 1389 2450 proximi.

122 2473 259 2532 -ttin
282 2461 382 2554 Ati—
410 2477 444 2533 11
476 2491 613 2557 Qu).-

772 2599 898 2607 ...-—-—--.
920 2599 978 2604 -.-
1020 2598 1039 2603 .-
1065 2597 1093 2602 .-.
1163 2595 1388 2602 ——.-..--—..

455 2685 690 2745 EXEMPLVM
717 2685 992 2747 THESPIENSE.

88 2797 140 2860 ttt
158 2803 294 2882 Thespiis
317 2803 561 2881 (Eremokastro)
584 2825 647 2882 rep.
670 2807 748 2866 inter
770 2805 877 2866 rudera
899 2805 1000 2884 oppidi
1023 2805 1147 2882 antiqui.

601 2955 676 2984 rtet
783 2971 803 2986 ιι

549 3035 733 3089 twrmnc
767 3047 787 3086 Δ
834 3018 933 3112 oriens

552 3140 739 3190 owenuc
773 3125 884 3199 trime

549 3247 617 3291 nuo
638 3247 787 3292 ninotr
817 3222 917 3309 αχὲως

518 3281 805 3418 Q

86 3447 227 3529 Descripsit
252 3455 316 3512 ioh.
341 3451 474 3514 Schmidt
507 3468 536 3513 et
568 3461 706 3530 ectypurn
732 3455 810 3514 fecit.
863 3454 918 3515 Ed.
948 3453 1145 3514 Kumanudes
1177 3449 1330 3520 Ἀθηναῖον
1364 3453 1380 3508 7

85 3551 172 3629 (itit)
193 3575 217 3630 p.
235 3555 303 3614 289.

117 3656 127 3710 i
149 3675 201 3713 nou
222 3658 338 3714 videtur
358 3657 449 3716 fuisse
472 3657 550 3732 quod
573 3664 766 3734 expectamus
789 3648 905 3738 ψώραης
926 3649 1042 3740 πρώτης.

116 3755 230 3816 Pertinet
250 3761 287 3818 ad
308 3761 405 3817 locum
426 3759 575 3835 quendam
597 3777 621 3816 c.
640 3757 687 3830 18,
710 3765 783 3835 puta
804 3779 831 3817 v.
849 3757 877 3817 2.
894 3758 922 3818 3.
939 3760 968 3817 4.

298 3993 597 4054 onnonnnrvn
628 3973 907 4053 nonturnovn'
936 3993 1140 4068 ovrnrvn.

84 4105 139 4166 att
166 4110 301 4172 Livadiae
328 4115 477 4172 Iohannes
506 4111 642 4172 Schmidt
674 4115 848 4190 fragmentIs
880 4123 1020 4190 quattuor
1047 4123 1135 4172 antea
1168 4115 1246 4173 notis
1272 4115 1383 4174 frustra

115 4213 239 4284 quaesitis
260 4217 391 4293 repperit
411 4215 546 4291 quintum
570 4215 667 4274 adhuc
689 4216 823 4293 ignotum
846 4213 1023 4274 collocatum
1048 4217 1078 4273 in
1105 4216 1217 4291 pariete
1242 4217 1383 4275 ecclesiae

115 4311 248 4391 Paoagiae
269 4317 400 4375 Elousae
423 4316 573 4392 ediditque
596 4317 633 4376 ad
656 4316 824 4392 exemplum
852 4327 882 4373 et
908 4325 1045 4394 ectypum
1068 4315 1200 4375 Mittite-ii.
1228 4319 1277 4376 det
1302 4319 1380 4376 arch.

115 4413 275 4476 institutam
296 4417 390 4476 Athen
413 4420 430 4476 5
454 4417 564 4492 (1880)
587 4437 616 4494 p.
630 4419 668 4475 70
691 4417 792 4476 addita
813 4417 924 4476 tabula.
968 4417 1101 4494 Paginae
1122 4427 1285 4494 supersunt
1306 4420 1382 4478 duae

114 4513 184 4574 iuxta
207 4520 332 4595 positae,
363 4539 486 4596 quarum
517 4520 598 4594 prior
627 4519 760 4577 continet
787 4517 904 4578 Graeca
930 4519 1142 4597 respondentia
1162 4518 1280 4578 Latinis
1310 4541 1334 4579 c.
1354 4523 1381 4592 1,

114 4613 144 4673 33
158 4651 193 4660 -—
207 4640 230 4678 c.
246 4622 274 4692 t,
290 4623 320 4694 4,
343 4623 491 4697 posterior
517 4621 728 4698 respondentia
749 4619 868 4679 Latinis
890 4639 915 4678 c.
933 4621 960 4694 7,
983 4619 1097 4680 1-25.
1140 4621 1209 4680 Hoo
1233 4623 1381 4699 fragmen·

113 4725 163 4776 tum
183 4723 357 4795 pertinuisse
380 4721 417 4780 ad
440 4723 607 4798 exemplum
627 4723 776 4781 diversum
793 4723 891 4793 abeo,
915 4721 993 4780 uude
1007 4729 1147 4798 quattuor
1162 4723 1223 4782 alia
1236 4723 1380 4782 Livadiae

112 4831 213 4894 reperta
233 4831 405 4902 supersunt,
427 4825 496 4882 inde
518 4824 707 4899 potissimum
731 4822 913 4884 Schmidtius
935 4823 1047 4896 effecit,
1069 4826 1149 4901 quod
1170 4823 1378 4898 0.t,18-t3

112 4917 136 4975 in
155 4933 269 5000 utroque
290 4925 455 5002 exemplari
473 4925 515 4983 ita
530 4925 650 4997 adsunt,
673 4936 704 4984 ut
719 4925 801 4982 nulio
817 4924 904 4982 modo
921 4925 996 4983 inter
1011 4945 1044 4985 se
1059 4934 1206 5003 aptentur.
1243 4925 1380 5003 Diligen-

112 5019 239 5084 tissimam
261 5027 421 5086 editionem
444 5046 509 5085 cum
532 5027 620 5086 facile
643 5027 694 5103 qui
718 5026 797 5084 volet
819 5027 896 5084 inter
912 5045 944 5084 se
959 5037 1120 5106 comparet,
1142 5027 1279 5086 hocloco
1295 5027 1380 5085 sufii-

113 5139 167 5179 cere
187 5127 275 5186 visum
296 5139 344 5187 est
366 5127 525 5186 lectionem
540 5126 697 5187 Schmidtii
720 5147 784 5186 cum
802 5127 1016 5204 supplementis
1031 5131 1094 5190 eius
1108 5137 1242 5206 repetere
1257 5128 1381 5188 adiectis

114 5221 331 5290 adnotationibus
354 5229 534 5306 quibusdam
556 5229 593 5288 ab
615 5231 684 5306 ipso
706 5229 768 5287 iere
790 5228 968 5306 adsumptis.
