3444 5932
666 951 816 1010 xxxvl.
860 949 1050 1012 EVOCATI
1076 951 1273 1014 AVGVSTI.

348 1107 396 1166 De
417 1107 638 1183 protectoribus
661 1107 711 1183 qui
734 1107 880 1185 disputat,
906 1109 1088 1184 cogitatione
1110 1128 1233 1169 neeesse
1258 1120 1304 1169 est
1330 1121 1478 1188 perpetue
1506 1119 1635 1169 recurrat

307 1209 345 1266 ad
367 1217 523 1280 euocatos3
549 1217 731 1284 protectores
754 1211 832 1267 cuim
855 1219 885 1268 et
905 1211 1021 1269 evocati
1043 1212 1099 1269 etsi
1121 1211 1205 1270 nullo
1228 1213 1317 1270 modo
1344 1232 1376 1270 re
1398 1214 1549 1271 coniuncti
1572 1222 1636 1271 snut

307 1330 361 1370 uec
383 1312 480 1368 miuus
507 1310 619 1370 diversi
645 1329 736 1388 quam
759 1312 915 1389 Augustus
941 1312 1098 1371 dissimilis
1120 1311 1325 1386 Constantini,
1353 1315 1448 1372 nihilo
1475 1316 1575 1372 miuus
1602 1333 1635 1371 eo

308 1413 426 1470 nomine
452 1419 531 1470 recte
559 1414 824 1488 comparabuntur,
852 1413 932 1488 quod
954 1415 1072 1490 utrique
1102 1415 1191 1472 medii
1213 1421 1283 1474 suut
1304 1415 1380 1474 iuter
1406 1416 1545 1474 militiam
1572 1434 1635 1492 gre·

307 1515 404 1590 galem
438 1523 467 1571 et
494 1513 633 1572 ducatum
667 1522 697 1572 et
728 1515 770 1572 ita
801 1515 906 1586 medii,
939 1524 972 1574 ut
1004 1525 1064 1574 tam
1090 1518 1205 1575 evocati
1235 1535 1326 1592 quam
1359 1525 1546 1594 protectores
1579 1536 1635 1574 nen

308 1625 368 1672 tam
401 1627 483 1674 certa
515 1634 637 1674 munera
669 1616 796 1674 subeant
827 1635 916 1692 quem
949 1618 1033 1677 iussa
1064 1619 1209 1695 principis
1242 1637 1446 1694 quaecumque
1481 1628 1554 1678 sunt
1585 1637 1636 1695 pro

307 1737 340 1774 re
367 1724 562 1791 exequantur.
605 1716 654 1774 lta
680 1735 739 1774 non
766 1717 866 1794 inepte
891 1719 936 1776 illi
964 1720 1208 1778 commentariolo
1235 1721 1463 1784 observationes
1490 1720 1636 1796 quaedam

308 1818 504 1894 adiungantur
526 1817 562 1874 de
584 1819 716 1876 evocatis
740 1819 878 1894 Augusti.
924 1817 982 1879 Sed
1004 1839 1070 1878 cum
1097 1820 1133 1879 de
1159 1822 1377 1895 protectoribus
1403 1831 1475 1899 post
1495 1821 1637 1880 Iacobum

309 1919 529 1980 Gotholredum
555 1939 641 1978 nemo
667 1921 769 1997 paullo
792 1920 962 1997 diligentius
986 1921 1171 1994 disseruerit,
1200 1923 1237 1980 de
1259 1924 1391 1981 evocatis
1417 1932 1516 1982 autem
1545 1942 1638 1999 nuper
1717 1939 1718 2014 p

309 2021 379 2080 data
399 2039 491 2096 opera
512 2022 543 2078 in
567 2021 753 2098 ephemeride
768 2021 882 2079 Herma
904 2023 962 2080 rol.
980 2024 1017 2080 14
1040 2023 1151 2099 (1879)
1174 2043 1202 2100 p.
1220 2024 1278 2082 321
1297 2043 1358 2100 seq.
1376 2025 1471 2104 egerit
1487 2025 1637 2082 lohannes
1717 2015 1718 2022 ἶ

310 2121 445 2183 Schmidt
465 2130 577 2192 uester,
598 2123 677 2181 huuc
691 2123 790 2181 locum
806 2122 927 2182 diversa
942 2125 1058 2182 ratione
1073 2126 1277 2184 tractabimus.
1313 2126 1344 2184 ls
1360 2125 1520 2184 enimcum
1542 2126 1637 2202 plera·
1717 2183 1718 2202 ,

309 2244 366 2300 que
388 2223 481 2299 perite
504 2231 533 2282 et
554 2223 711 2300 diligenter
733 2224 911 2300 explanarit,
935 2225 1009 2283 satis
1032 2225 1148 2284 habebo
1169 2245 1328 2302 exponere,
1351 2229 1378 2285 si
1400 2227 1472 2303 quid
1494 2227 1567 2286 mihi
1590 2228 1638 2285 de·
1717 2293 1718 2306 ¹

309 2327 396 2384 ficere
412 2327 510 2384 risum
530 2335 577 2384 est
592 2325 638 2382 vel
660 2325 745 2383 aliter
766 2343 799 2382 se
821 2326 940 2396 habere,
962 2327 991 2382 iu
1014 2327 1164 2403 plerisque
1186 2329 1225 2384 ad
1246 2348 1313 2385 eum
1336 2330 1501 2388 remittens.
1534 2327 1638 2386 Later·
1717 2313 1718 2322 ¹

310 2427 406 2485 culum
433 2433 621 2484 evocatorum
646 2424 829 2486 Schmidtius
856 2446 915 2484 non
942 2427 1063 2499 adiecit,
1092 2430 1146 2487 sed
1171 2447 1246 2505 quae
1275 2431 1445 2505 composuit
1471 2429 1637 2506 adsumptis

310 2529 348 2588 iis
370 2547 446 2605 quae
469 2527 642 2604 singillatim
664 2528 743 2586 infra
764 2527 984 2586 adnotabuntur
1006 2549 1060 2605 pro
1082 2549 1114 2588 re
1137 2531 1270 2590 sufficere
1291 2531 1438 2590 videntur.
1717 2519 1718 2522 ¹

352 2630 553 2688 Evocaterum
575 2630 709 2688 condicio
731 2648 807 2705 quae
827 2630 885 2688 fuit
906 2638 975 2688 ante
991 2633 1159 2707 Augustum
1182 2651 1249 2690 cum
1272 2632 1365 2690 titulis
1388 2649 1495 2707 parum
1512 2633 1636 2690 illustre·
1717 2703 1718 2706 Ἴ

312 2731 413 2806 tur¹),
440 2739 503 2789 tota
529 2732 682 2806 praeteriri
708 2749 767 2790 uon
797 2739 909 2806 potest,
935 2734 1076 2808 quoniam
1103 2734 1130 2792 si
1156 2733 1230 2810 qnid
1252 2733 1339 2792 video
1362 2731 1548 2794 Schmidtius
1575 2751 1637 2790 eum

312 2851 372 2892 uon
397 2841 477 2890 recte
498 2832 633 2890 delinivit
656 2842 686 2890 et
711 2833 754 2890 ita
774 2833 902 2891 instituti
923 2833 1116 2892 fundamenta
1136 2836 1287 2910 pervertit.
1331 2833 1480 2894 Nimirum
1507 2835 1566 2892 tria
1591 2853 1638 2910 ge·
1717 2903 1718 2910 ἵ

313 2952 384 2991 uera
406 2935 526 2991 militiae
540 2953 616 3009 quae
632 2934 745 3010 antiqui
760 2945 894 2992 auctores
916 2933 1009 2992 fnisse
1025 2937 1154 3007 tradunt,
1177 2944 1394 2996 sacramentum
1410 2936 1556 2996 tumultus
1571 2953 1638 2994 evo·
1717 2921 1718 2926 ἵ

311 3033 430 3111 satiet)
452 3036 562 3094 rectius
583 3035 752 3112 redigentur
773 3037 812 3093 ad
834 3037 911 3108 duo,
937 3037 1074 3094 militiam
1096 3036 1210 3096 seilicet
1230 3029 1390 3114 legitimam
1411 3039 1498 3097 iussn
1519 3036 1638 3113 publico
1717 3101 1718 3112 ¹

312 3145 480 3214 susceptam
514 3151 544 3194 et
576 3145 744 3212 susceptam
779 3145 885 3212 sponte
918 3139 984 3195 eius
1017 3139 1068 3214 qui
1101 3139 1217 3196 militat.
1266 3137 1412 3215 Legitima
1439 3141 1478 3198 ad
1505 3137 1638 3196 militiam

312 3239 393 3297 cives
416 3246 561 3296 vocantur
582 3249 633 3296 aut
653 3237 777 3311 dilectu,
806 3257 867 3314 quo
895 3248 1080 3298 sacramento
1106 3235 1306 3316 rogantur³)‚
1333 3251 1385 3299 aut
1410 3239 1557 3312 tumultu,
1583 3255 1639 3314 que
1717 3221 1718 3226 ἵ

313 3339 479 3398 coniuratio
500 3341 548 3410 fit;
570 3339 709 3398 differunt
730 3348 829 3398 autem
851 3341 909 3398 duo
931 3357 1041 3416 genera
1063 3359 1108 3412 eo,
1130 3342 1212 3416 quod
1233 3342 1320 3400 miles
1339 3343 1437 3401 lactus
1453 3349 1639 3399 sacramento

372 3499 395 3562 ¹)
414 3503 519 3565 Spectat
538 3499 572 3548 ad
590 3513 635 3548 eos
654 3513 687 3548 ex
706 3497 786 3548 titulis
806 3513 870 3562 quos
886 3497 1018 3559 habemns,
1038 3505 1140 3564 praeter
1152 3505 1240 3548 uotum
1255 3497 1414 3564 Campanum
1428 3501 1465 3560 X,
1479 3499 1551 3549 3⁸86
1563 3499 1639 3562 legie-
1717 3503 1718 3530 ³

313 3594 380 3644 narii
400 3593 548 3644 Caesariani
568 3590 684 3656 lapideus)
705 3586 758 3638 VII
775 3590 883 3650 coecati,
904 3590 1090 3640 Minturnensis
1109 3589 1149 3652 X,
1170 3591 1253 3640 6011:
1279 3586 1310 3648 Q.
1324 3589 1471 3642 Ancharius
1493 3588 1521 3641 (I.
1537 3589 1564 3654 j.
1584 3587 1639 3638 Pel.
1717 3597 1718 3622 ³

312 3683 528 3747 Narbouc(u)a(ia)
548 3699 621 3750 equas
639 3689 756 3732 saecutus
775 3697 864 3732 aanor.
883 3688 936 3730 nat.
949 3678 1053 3732 XXIII
1069 3680 1114 3731 clo
1132 3679 1257 3743 Scaeuae,
1280 3683 1352 3732 nullo
1371 3683 1450 3734 modo
1475 3685 1498 3732 is
1516 3681 1639 3746 aptandus
1717 3683 1718 3732 l

314 3778 348 3828 ad
367 3785 487 3828 evocatos
505 3776 635 3825 institutos
654 3775 686 3824 ab
706 3777 838 3838 Augusto,
865 3773 1035 3823 Caesarianus
1054 3772 1128 3823 miles
1147 3774 1256 3824 sortasse
1280 3782 1307 3824 et
1324 3777 1378 3838 ipre
1403 3775 1446 3835 (cf.
1467 3775 1493 3824 b.
1507 3773 1540 3826 G.
1554 3773 1578 3833 3,
1593 3773 1639 3820 20:

313 3869 397 3918 mulda
414 3869 480 3918 suris
490 3865 606 3932 sortibus
629 3864 723 3916 Tolosa
742 3872 766 3915 et
783 3862 905 3915 Naroma
923 3866 1067 3916 nominatim
1084 3865 1213 3928 aceruus),
1235 3873 1263 3916 ut
1277 3866 1377 3918 Scaeva
1395 3881 1507 3930 queque,
1526 3863 1572 3914 suh
1591 3875 1639 3926 qno

314 3961 445 4025 praelecto
468 3960 575 4021 meruit,
603 3959 712 4007 fortusse
737 3964 775 4006 est
799 3957 836 4006 M.
856 3957 961 4006 Caesius
986 3957 1084 4008 Scaeva
1107 3964 1185 4006 notae
1209 3957 1367 4007 fortitudinis
1392 3957 1508 4007 centurio
1537 3955 1640 4018 (Caesar

315 4052 340 4100 b.
354 4067 375 4100 c.
390 4052 415 4112 3,
436 4053 484 4113 533
505 4052 624 4100 Valerius
639 4050 769 4100 Maximus
789 4049 814 4110 3,
836 4051 861 4110 2,
883 4050 917 4098 24
931 4047 989 4110 cet.)
1010 4056 1036 4097 et
1053 4055 1191 4113 propterea
1210 4049 1309 4115 maguis
1329 4049 1405 4098 denis
1425 4048 1536 4098 donatus
1558 4046 1639 4107 (Casa.

315 4143 332 4192 l.
348 4159 383 4204 e.;
408 4141 499 4191 Cicero
519 4142 553 4190 ad
572 4144 627 4190 Art.
644 4143 690 4202 14,
714 4139 768 4201 10),
788 4141 896 4189 sortasse
916 4142 992 4189 etlam
1012 4155 1077 4205 equo
1097 4141 1200 4204 publico
1221 4147 1245 4190 et
1264 4141 1424 4205 praefectura
1443 4140 1508 4190 alae.
1533 4163 1565 4174 --
1589 4133 1639 4184 Ala

316 4241 401 4283 autem
420 4235 447 4283 iu
466 4233 516 4282 hoc
535 4233 610 4281 titulo
629 4232 657 4280 id
680 4233 821 4296 significat,
841 4231 911 4296 quod
930 4233 1024 4282 delude
1043 4233 1189 4297 significare
1208 4233 1286 4294 solet,
1306 4245 1389 4297 neque
1408 4231 1533 4282 habemus
1552 4229 1639 4292 opinor

316 4327 372 4374 eius
391 4340 451 4374 usus
471 4331 560 4374 testem
579 4325 629 4373 hoc
648 4323 723 4372 titulo
741 4325 922 4388 antiquiorem.

374 4413 400 4477 ²)
420 4416 537 4466 Tradunt
556 4415 620 4465 haec
639 4421 852 4465 commentatores
864 4417 1008 4480 Vergiliani
1027 4417 1060 4465 ad
1079 4417 1147 4466 Aen.
1162 4419 1187 4478 2,
1211 4417 1271 4466 157.
1286 4415 1311 4477 7,
1326 4415 1380 4465 614
1401 4423 1426 4463 et
1444 4411 1591 4464 Terentiani
1608 4408 1638 4456 ad

317 4510 383 4558 Eun.
398 4509 424 4569 4,
446 4509 470 4570 7,
493 4510 508 4556 2
529 4515 554 4558 et
572 4507 688 4557 Isidorus
707 4507 772 4571 orig.
787 4508 815 4566 9,
838 4508 862 4568 3,
883 4508 1005 4568 53-55,
1024 4508 1067 4557 hic
1087 4509 1140 4556 illic
1159 4515 1287 4570 errantes,
1307 4508 1353 4556 sed
1372 4508 1398 4556 iu
1419 4519 1521 4556 summa
1539 4514 1638 4566 repen·

318 4601 406 4650 dentes
426 4615 459 4649 ex
478 4599 606 4649 tralaticia
624 4599 751 4648 divisione
770 4600 883 4663 optimae
902 4599 1071 4650 auctoritatis.

374 4690 399 4754 ³)
419 4691 532 4741 Dilectui
551 4699 635 4740 utrum
655 4697 745 4755 sponte
765 4705 792 4740 se
811 4691 921 4740 offerant
940 4691 1033 4740 milites
1058 4707 1091 4741 au
1115 4697 1232 4741 mereant
1255 4691 1350 4753 coacti,
1377 4689 1486 4754 perinde
1511 4695 1560 4746 est3
1584 4697 1638 4733 uam

316 4785 436 4835 iubentur
456 4783 565 4834 militare
584 4783 624 4831 illi
643 4797 743 4847 qnoque
763 4789 974 4848 sacramentoque
992 4790 1114 4848 rogantur
1133 4790 1184 4832 tam
1204 4783 1272 4832 ultro
1285 4783 1378 4831 milites
1391 4781 1454 4830 lacti
1468 4793 1544 4845 quam
1557 4774 1638 4826 coacti·

316 4876 407 4942 Itaque
428 4875 564 4925 uoluntarii
585 4875 627 4939 qui
653 4875 772 4924 dicuntur
795 4876 865 4925 nullo
890 4877 968 4925 modo
994 4875 1168 4924 confundendi
1192 4881 1252 4924 sunt
1275 4889 1332 4924 eum
1355 4874 1482 4936 evocatis3
1511 4873 1586 4921 immo
1608 4879 1638 4912 ex

318 4969 411 5019 dilectu
431 4969 480 5017 hoe
499 4982 575 5017 sensu
596 4966 701 5016 veniunt
719 4967 871 5031 quicumque
892 4967 1034 5016 merentia
1055 4967 1155 5031 legione
1174 4967 1258 5016 aliove
1277 4980 1385 5030 corpore
1404 4965 1510 5014 militari
1533 4963 1586 5010 iura
1602 4971 1638 5005 re·

318 5067 401 5124 cepto.
427 5087 459 5096 —
493 5060 583 5110 Utrum
603 5057 702 5110 Romae
721 5058 828 5107 dilectus
848 5059 892 5107 liat
911 5073 944 5108 au
963 5059 1115 5124 regionatim
1134 5073 1180 5123 per
1199 5058 1399 5122 conquisitores,
1424 5057 1459 5106 ad
1484 5057 1523 5104 ins
1541 5049 1638 5101 militiae

318 5152 384 5201 nihil
403 5152 477 5213 lacit,
497 5165 545 5202 nec
563 5157 632 5201 reete
651 5149 811 5204 Schmidtius
830 5151 1004 5201 avocationem
1025 5150 1122 5200 rettulit
1141 5150 1174 5199 ad
1196 5150 1317 5200 dilectum
1336 5163 1382 5213 per
1403 5147 1584 5211 conquisitores
1602 5139 1637 5185 in·

319 5245 444 5292 stitutum.
