3392 5934
351 2213 609 2326 MlLl'lliS
644 2213 1072 2327 PRAETORIANI
1109 2215 1190 2326 ΕΤ
1215 2212 1611 2330 VRBthOlhlll

683 2405 960 2518 OliliilNlS
992 2406 1297 2518 ITALIOAE.

368 2887 410 2948 Ut
431 2891 563 2948 omnium
585 2890 711 2949 militnm
733 2891 857 2968 patriae
870 2892 958 2967 quasi
979 2893 1011 2950 iu
1034 2909 1123 2950 unum
1145 2909 1255 2968 corpus
1278 2899 1490 2968 congerantur,
1512 2891 1628 2962 hosque

325 3009 384 3067 que
404 2991 567 3049 laterculos
590 2991 793 3063 adiunximus,
820 2993 929 3068 quibus
952 2995 1003 3070 qui
1025 2994 1146 3052 natione
1167 2993 1264 3052 Italici
1291 3003 1344 3052 aut
1368 2994 1401 3050 in
1431 2991 1572 3068 praetorio
1593 2994 1630 3044 aut

325 3093 357 3151 in
379 3093 549 3152 cohortibus
571 3093 693 3152 urbanis
716 3102 767 3152 aut
788 3095 864 3152 inter
887 3095 993 3171 vigiles
1016 3095 1227 3168 militaverunt,
1248 3093 1488 3170 continentur1).

368 3193 490 3269 Oppida
503 3193 611 3252 Italiae
630 3197 834 3254 recensuimus
850 3196 954 3255 ordine
969 3196 1167 3273 alphabetico,
1189 3197 1375 3273 praescripto
1390 3196 1520 3273 singulis
1534 3205 1630 3250 numero
1671 3265 1672 3280 ἒ

325 3297 452 3355 militum
467 3297 599 3354 cuiusvis
613 3298 731 3372 generis
746 3297 815 3355 inde
830 3297 1034 3368 edendorum,
1056 3307 1089 3356 ut
1102 3297 1172 3356 inde
1186 3299 1374 3374 aliquatenus
1388 3307 1541 3374 appareat,
1560 3309 1630 3370 quae·
1671 3283 1672 3336 Ῐ

326 3417 395 3458 nam
418 3397 602 3475 singulorum
624 3399 802 3476 oppidorum
823 3399 913 3458 fuerit
934 3399 1042 3458 civium
1057 3399 1233 3476 frequentia.
1270 3400 1306 3459 In
1321 3400 1452 3478 singulis
1465 3397 1575 3475 oppidis
1586 3392 1631 3468 pri·

326 3518 407 3558 mum
428 3499 524 3557 locum
540 3500 675 3558 obtinent
690 3501 880 3575 praetoriani,
904 3501 1062 3560 secuudum
1077 3501 1272 3573 urbaniciani,
1295 3502 1417 3559 tertium
1432 3501 1545 3578 vigiles,
1565 3511 1630 3572 qnar-

326 3611 388 3660 tum
408 3601 535 3674 evocati,
558 3602 609 3677 qui
624 3619 804 3678 quamquam
827 3603 915 3679 longe
937 3604 1069 3660 maxima
1090 3621 1129 3660 ex
1150 3614 1236 3678 parte
1258 3621 1295 3660 ex
1319 3601 1519 3680 praetorianis
1532 3593 1632 3674 profeci

327 3712 405 3774 sunt,
427 3712 555 3780 possunt
574 3703 646 3762 item
669 3713 757 3762 antea
779 3705 953 3764 militatione
974 3705 1004 3762 in
1026 3705 1147 3762 cohorte
1168 3705 1292 3764 urbana.
1329 3703 1425 3762 Uncis
1441 3701 1585 3780 quadratis
1599 3697 1631 3754 in·
1670 3711 1671 3786 ζ

325 3805 467 3864 clusimus
490 3804 604 3876 titulos,
627 3805 677 3864 ubi
698 3807 782 3882 origo
804 3824 864 3864 non
886 3806 1056 3864 enuntiatur
1078 3805 1129 3864 sed
1151 3812 1204 3864 aut
1224 3825 1262 3864 ex
1285 3805 1363 3864 tribu
1382 3815 1438 3864 aut
1453 3825 1491 3864 ex
1505 3797 1632 3882 parentela
1670 3793 1671 3870 l

325 3924 391 3964 eum
415 3905 514 3981 aliqua
534 3907 743 3982 probabilitate
764 3907 899 3965 efficitur.
943 3907 1050 3978 Tituli,
1077 3908 1186 3983 quibus
1208 3909 1344 3983 corporis
1367 3908 1510 3966 volumen
1531 3906 1632 3962 nonest
1670 3871 1671 3940 l

325 4007 519 4083 adscriptum,
540 4008 618 4065 sexti
640 4015 710 4066 sunt
731 4009 921 4068 urbanorum.
959 4008 1113 4067 Accedunt
1133 4010 1246 4067 incerta
1267 4008 1415 4083 quaedam
1439 4007 1632 4084 oppidaque

326 4119 425 4167 utrum
447 4109 478 4166 in
500 4108 590 4178 Italia
611 4109 722 4168 luerint
744 4129 781 4168 an
803 4110 834 4168 in
856 4109 1011 4186 provincia
1032 4109 1134 4185 aliqua
1155 4128 1215 4168 non
1237 4111 1340 4186 liquet.

368 4208 443 4268 Cum
470 4211 650 4284 praetoriani
673 4211 796 4287 originis
820 4211 942 4269 Italicae
969 4219 1067 4269 aetate
1090 4211 1253 4271 Severiana
1274 4229 1377 4270 omues
1399 4212 1470 4270 ¹fere
1492 4207 1631 4267 anteriores

326 4313 397 4382 sint,
420 4313 525 4388 paucis
547 4321 677 4384 tantum,
701 4313 752 4388 qui
773 4321 844 4370 sunt
865 4313 978 4370 saeculi
1000 4313 1091 4384 tertii,
1113 4314 1257 4390 temporis
1280 4321 1381 4370 notam
1404 4312 1571 4370 adiecimus.
1606 4304 1632 4360 111
1669 4293 1670 4318 ¹

325 4414 497 4473 cohortibus
524 4414 646 4472 urbanis
674 4431 739 4471 cum
766 4424 835 4488 post
856 4411 1000 4473 Severum
1026 4433 1147 4491 quoqne
1167 4414 1266 4474 Italici
1291 4414 1462 4485 militarint,
1491 4413 1527 4472 de
1551 4423 1631 4468 eorum

325 4522 422 4574 aetate
444 4533 482 4572 ex
505 4515 552 4574 his
574 4515 726 4574 laterculis
748 4515 873 4572 iudicari
896 4533 955 4574 non
978 4525 1086 4592 potest.

367 4614 510 4693 Singulae
524 4616 630 4676 Italiae
651 4623 751 4693 partes
766 4618 917 4692 praetorio
940 4627 970 4675 ct
991 4617 1162 4676 cohortibus
1185 4617 1309 4676 urbanis
1327 4629 1441 4694 quanto
1456 4617 1517 4676 fere
1530 4624 1631 4672 numero

325 4721 439 4778 tirones
461 4717 729 4788 subministrarint,
752 4719 881 4775 ostendit
903 4717 1063 4778 laterculus
1084 4719 1164 4777 inira
1185 4720 1330 4796 scriptus,
1357 4720 1388 4776 in
1410 4737 1472 4796 quo
1495 4714 1631 4776 secundum
1668 4767 1669 4798 ,

324 4821 465 4898 regiones
487 4819 592 4878 Italiae
613 4819 723 4878 milites
745 4819 951 4897 discripsimus
974 4821 1147 4880 condicione
1169 4839 1272 4880 eorum
1294 4822 1447 4880 distincta

326 5013 529 5023 n-——n—-u

386 5159 409 5221 ¹)
430 5157 463 5222 [E
482 5175 510 5210 re
530 5173 585 5210 esse
605 5159 686 5209 visum
707 5165 746 5209 est
763 5159 929 5223 legioniarios
948 5159 1043 5210 milites
1062 5159 1168 5224 originis
1188 5160 1295 5211 Italicae
1315 5161 1349 5210 ad
1363 5160 1440 5209 buius
1453 5158 1541 5208 indicis
1553 5151 1628 5218 psci&

327 5251 363 5302 ite
382 5251 486 5313 addere,
506 5257 534 5300 ut
552 5251 652 5302 adiecta
670 5251 772 5316 legione
791 5257 817 5300 et
835 5253 930 5317 pagina
948 5251 982 5303 sd
1001 5251 1098 5304 iudices
1119 5253 1164 5318 qui
1182 5253 1341 5318 praecedunt
1355 5252 1506 5302 remittatur.
1537 5247 1581 5300 Te
1592 5235 1628 5300 lb]
