3444 5932
429 599 726 656 OBSERVATIONES
744 598 1033 654 ermeneumata.

214 996 403 1056 XXXVIII.
452 997 634 1058 MILITVM
665 995 1007 1056 PROVINCIALIVM
1038 995 1236 1054 Persian.

115 1186 193 1260 Quod
213 1190 296 1246 multi
320 1207 360 1249 ex
382 1192 476 1250 multo
499 1200 632 1268 tempore
654 1191 908 1262 desideraverunt,
932 1199 965 1248 nt
986 1189 1101 1264 patriae
1124 1189 1249 1246 militum
1272 1205 1390 1265 compo·

82 1300 178 1360 nentur,
204 1307 268 1349 cum
291 1293 363 1350 inde
385 1301 445 1351 tam
467 1295 498 1352 in
521 1294 648 1352 dilectus
670 1293 795 1350 formam
819 1292 926 1350 aetatis
949 1291 1157 1368 Imperatoriae
1179 1308 1268 1365 quam
1291 1291 1321 1348 iu
1343 1291 1390 1348 ius

82 1409 250 1464 personarum
280 1413 441 1470 rerumque
467 1395 652 1472 publicarum
679 1394 863 1468 aliquantum
888 1393 963 1451 lucis
985 1392 1217 1450 redundaturum
1240 1409 1308 1450 esse
1330 1391 1391 1450 Ior-

82 1503 146 1548 tasse
164 1511 219 1551 non
241 1493 307 1552 sine
331 1514 425 1554 cansa
446 1505 591 1574 speretur,
614 1495 645 1553 id
667 1495 821 1554 laterculis
843 1494 987 1554 subiectis
1008 1513 1067 1552 non
1089 1493 1242 1570 perficitur
1261 1493 1390 1568 quidem,

82 1611 123 1650 nee
140 1604 211 1652 recte
231 1597 338 1671 perfici
362 1599 471 1672 poterit
493 1599 550 1656 nisi
573 1597 690 1674 sylloge
711 1595 936 1670 inscriptionum
953 1594 1139 1667 Latinarum,
1162 1615 1180 1652 a
1194 1594 1301 1669 quihus
1316 1595 1391 1652 haec

82 1693 225 1770 dIsquisitio
251 1709 319 1756 tota
346 1699 407 1756 fere
434 1700 556 1774 pendet,
584 1699 746 1776 aliquando
773 1697 920 1756 absoluta.
969 1695 1029 1756 Sed
1056 1697 1150 1754 donec
1176 1696 1288 1772 publici
1315 1696 1389 1754 iuris

82 1795 155 1853 lunae
174 1808 257 1857 erunt
279 1817 359 1875 quas
382 1800 478 1860 adhuc
500 1819 588 1877 aegre
610 1801 826 1868 desideramus,
847 1799 954 1856 ltaliae
975 1798 1090 1856 mediae
1112 1805 1141 1854 et
1162 1795 1389 1856 Germaniarum

83 1900 230 1970 praesertim
252 1901 468 1976 inscriptiones
491 1911 520 1960 et
541 1902 588 1960 his
611 1901 806 1978 superstructi
829 1900 944 1958 indices
963 1899 1101 1958 meliores
1119 1909 1147 1957 et
1162 1898 1311 1973 pleniores
1327 1899 1389 1956 ela·

84 1997 245 2074 bcrahnntur,
269 2003 392 2061 interim
415 2021 453 2060 ex
475 2003 523 2062 his
545 2021 663 2080 quoqne
686 2003 866 2081 prolicietur.
903 2001 1036 2059 Adhibui
1059 2001 1097 2059 ad
1119 2000 1321 2060 conficiendos
1337 2017 1388 2058 eos

89 2099 187 2158 subsidia
208 2113 238 2162 et
259 2104 434 2162 communia
455 2105 586 2163 omnium
609 2113 639 2163 et
659 2125 695 2164 ea
710 2123 837 2180 quorum
853 2103 926 2160 mihi
942 2103 1027 2178 copia
1042 2121 1096 2178 per
1112 2103 1222 2162 amicos
1236 2101 1317 2161 saeta
1332 2109 1388 2172 est,

90 2204 225 2272 presertim
249 2223 307 2264 eos
332 2206 408 2281 apud
432 2224 507 2282 quos
530 2206 658 2265 schedae
680 2206 879 2263 adservantur
899 2213 1022 2282 paratae
1044 2204 1080 2262 ad
1104 2203 1300 2280 perficiendas
1321 2223 1389 2278 par·

90 2311 117 2358 tes
132 2305 257 2384 syllegae
280 2316 407 2366 nostrae
429 2307 557 2366 nondum
581 2307 690 2384 publici
713 2307 786 2366 iuris
808 2307 916 2377 factas,
938 2305 1105 2382 Eugenium
1128 2305 1289 2376 Burmann,
1313 2303 1388 2360 Her·

86 2419 193 2464 uernum
209 2408 347 2480 Deesan,
370 2407 511 2468 Ottonem
529 2408 711 2468 Hirschfeld.
748 2408 860 2466 Eorum
884 2408 1033 2466 adiutorio
1055 2407 1243 2482 potissimum
1265 2404 1389 2462 debetur

83 2505 149 2578 qnod,
169 2517 198 2567 nt
217 2509 345 2570 dubium
361 2529 420 2568 non
436 2519 482 2570 eet
497 2511 644 2586 quaedam
659 2509 773 2568 omissa
787 2527 866 2582 ease,
885 2528 962 2586 quae
976 2508 1045 2566 addi
1061 2515 1221 2583 potuerunt
1235 2513 1266 2564 et
1280 2507 1388 2565 dehue-

83 2617 140 2678 mut
157 2612 196 2668 ita
217 2631 277 2670 non
302 2612 397 2670 multa
418 2612 534 2670 confido
556 2610 720 2670 desiderari
743 2630 846 2669 eorum
869 2629 944 2686 quae
960 2611 1048 2668 hodie
1064 2619 1136 2668 uota
1150 2617 1229 2668 sunt.
1266 2609 1388 2667 Patriae

83 2705 179 2768 militnm
200 2713 308 2790 paucis
330 2713 465 2788 exceptis
494 2730 552 2771 non
579 2713 678 2787 recepi
704 2713 761 2770 nisi
789 2713 899 2771 diserte
925 2713 955 2768 io
984 2711 1079 2770 titulis
1107 2712 1291 2781 enuntiatas3
1319 2731 1387 2769 nam

82 2803 133 2865 licet
151 2827 365 2888 saepenumero
388 2814 469 2872 locus
491 2813 568 2872 tituli
591 2814 702 2872 inventi
726 2834 780 2891 pro
802 2814 900 2890 patria
921 2813 1052 2871 defuncti
1074 2813 1167 2888 accipi
1191 2813 1298 2888 possit,
1321 2831 1387 2870 cum

82 2905 161 2968 intali
180 2933 211 2972 re
232 2915 322 2974 facile
345 2916 438 2973 errori
460 2915 544 2974 locus
569 2916 608 2973 sit
630 2933 724 2990 neque
743 2915 830 2973 huius
846 2915 1081 2973 commentarioli
1098 2914 1195 2972 forma
1209 2913 1387 2990 disputatio-

82 3024 129 3066 nem
148 3014 293 3089 admittat,
317 3017 381 3074 eius
404 3017 521 3094 generis
544 3017 648 3076 titulos
668 3015 825 3076 excludere
841 3017 930 3075 malui
946 3035 1034 3092 quam
1050 3015 1149 3074 dubiis
1165 3027 1245 3074 certa
1258 3017 1387 3073 turbare.

82 3106 269 3188 Proponuntur
291 3117 475 3176 collectanea
495 3117 594 3176 forma
615 3117 741 3194 simplici
765 3118 994 3190 laterculornm3
1023 3135 1099 3193 quos
1126 3127 1158 3176 ut
1184 3117 1301 3176 diluant
1323 3137 1387 3174 ver·

81 3207 161 3272 burum
181 3219 359 3296 ambagibus
381 3231 411 3278 et
432 3219 551 3278 libellos
579 3219 710 3278 librosve
731 3219 800 3278 inde
826 3218 955 3278 efficiant
981 3221 1100 3278 nomine
1127 3220 1264 3294 specioso
1292 3219 1387 3294 magis

80 3328 148 3384 quam
167 3319 245 3380 iusto
268 3320 412 3378 historiae
433 3321 585 3399 legionum
607 3321 824 3380 auxiliorumve
846 3321 1027 3380 classiumve
1049 3329 1181 3393 ornatos,
1208 3321 1276 3379 aliis
1299 3320 1387 3378 reliu-

80 3429 132 3486 quo.
170 3419 235 3499 Ego
257 3423 410 3497 quomodo
433 3441 495 3481 rem
517 3421 691 3493 ordinatim,
711 3423 842 3480 breviter
864 3423 1032 3498 explicabo.

109 3517 150 3576 Ad
163 3521 278 3582 ltaliam
302 3523 414 3582 indices
436 3523 467 3581 hi
490 3533 614 3583 eatenus
636 3525 840 3582 tantummodo
862 3525 1049 3601 perveniunt,
1069 3522 1149 3598 quod
1172 3523 1202 3580 in
1223 3523 1318 3581 altero
1334 3523 1387 3579 mi-

78 3611 130 3676 lites
152 3620 305 3700 legionarii
337 3635 395 3682 tam
423 3625 522 3684 Italici
550 3645 638 3702 quam
665 3625 865 3700 provinciales
893 3636 1100 3696 recensentem
1133 3623 1278 3682 eiusmodi
1310 3625 1387 3681 enim

79 3713 199 3782 laterculo
221 3727 271 3802 qui
294 3726 326 3784 in
349 3725 485 3785 dilectum
513 3727 638 3785 militum
666 3727 774 3785 aetatis
803 3727 1012 3802 imperatoriae
1039 3726 1162 3804 inquirit
1189 3725 1271 3783 nullo
1298 3724 1386 3782 modo

79 3833 157 3880 carere
176 3835 281 3902 potest.
326 3827 447 3886 Italicos
470 3848 508 3886 ex
530 3829 695 3904 praetorio,
721 3829 791 3886 item
815 3829 980 3887 cohortium
1004 3829 1181 3886 urbanarum
1205 3825 1386 3902 vigilumque

79 3923 189 3993 equidm
210 3947 269 3987 uon
292 3929 488 4007 collegeram
511 3949 579 3988 nem
604 3937 635 3988 ut
653 3930 889 3988 testimoniorum
906 3931 968 3987 eius
983 3929 1099 4006 generis
1122 3945 1264 3988 numerus
1292 3927 1387 3986 maior

79 4031 124 4092 tet,
146 4027 183 4085 ita
201 4031 315 4089 utilitas
339 4033 436 4090 minor
458 4049 554 4108 neque
577 4032 678 4090 eadem
707 4031 879 4108 disputandi
906 4031 1012 4089 forma.
1062 4029 1110 4088 De
1132 4031 1196 4087 iure
1224 4029 1301 4086 enim
1325 4038 1386 4087 tam

80 4137 249 4194 personarum
271 4149 361 4207 quam
385 4134 574 4208 populorum,
596 4133 676 4208 quod
699 4133 735 4191 ad
759 4133 879 4190 Italiam
902 4133 1017 4204 attinet,
1040 4141 1163 4190 eatenus
1187 4139 1301 4190 tautum
1323 4151 1387 4188 anr-

78 4219 178 4300 Μεὶῒιιτ,
208 4233 289 4308 qnod
316 4252 376 4308 quo
404 4244 537 4310 tempore
565 4243 595 4292 et
620 4243 766 4309 qnatenus
793 4235 824 4292 in
850 4235 968 4310 legione
997 4233 1066 4290 Itali
1099 4251 1212 4292 merere
1244 4233 1387 4291 desierint

79 4335 152 4385 restat
169 4335 382 4408 quaerendum
410 4337 455 4393 cui
476 4336 659 4412 indagationi
682 4355 759 4410 quae
782 4337 812 4394 in
835 4335 929 4393 altero
951 4335 1048 4392 indice
1071 4334 1224 4410 composui
1248 4333 1386 4392 sulficere

79 4424 129 4484 tite
147 4443 216 4492 sunt.
266 4433 329 4496 Sed
352 4447 450 4494 tamen
473 4455 538 4495 cunr
562 4435 694 4496 Oscarus
714 4437 803 4495 Bohn
825 4438 899 4494 haec
920 4444 1025 4512 parata
1047 4437 1170 4494 haberet
1191 4453 1250 4493 non
1272 4436 1386 4493 ineerta

78 4541 152 4601 nuper
168 4537 203 4594 ab
224 4537 291 4612 ipso
311 4539 393 4596 edito
409 4539 620 4596 commentario
636 4556 723 4613 srpra
738 4559 766 4614 p.
782 4539 839 4597 135
856 4539 957 4608 citato,
980 4555 1040 4594 non
1055 4537 1297 4596 committendum
1313 4535 1386 4594 duxi

79 4633 103 4682 ut
120 4639 263 4698 occasione
285 4659 323 4698 ne
345 4647 457 4711 uterer,
485 4649 516 4698 et
541 4639 629 4697 facile
657 4640 694 4696 ab
722 4659 757 4698 eo
783 4639 956 4715 impetravi,
984 4645 1016 4696 ut
1043 4638 1202 4697 laterculos
1231 4655 1282 4696 eos
1310 4639 1384 4695 meis

79 4727 176 4795 adderet
196 4739 287 4814 (inira
308 4761 336 4818 p.
355 4739 439 4815 250).
481 4741 516 4798 Iu
539 4741 665 4799 indicem
683 4751 780 4798 autem
798 4741 969 4816 primarium
985 4741 1099 4817 patrias
1116 4741 1240 4797 militum
1255 4747 1385 4796 tantum-

80 4833 148 4892 modo
167 4841 361 4914 provinciales
385 4841 505 4914 admisi,
534 4841 563 4901 in
586 4843 748 4920 provinciis
769 4841 960 4900 recensendis
983 4851 1103 4900 secutus
1126 4841 1260 4899 ordinem
1283 4839 1385 4897 enchi-

82 4929 133 4992 ridii
151 4939 390 5019 hlarqnardtiani.

112 5035 222 5102 hlilitum
249 5045 362 5119 patrias
386 5045 508 5122 collegi,
536 5045 624 5104 omisi
647 5045 753 5104 ducum
780 5055 809 5102 et
836 5045 1075 5122 praepositorum
1098 5063 1164 5101 cum
1187 5041 1328 5101 senatorii
1356 5049 1384 5097 ot

81 5143 200 5206 equestris
220 5146 334 5206 ordinis
356 5159 417 5206 tum
441 5147 645 5206 centurionum
668 5147 798 5223 peditum
821 5154 851 5203 et
873 5147 1004 5222 equitum
1020 5146 1223 5214 decurionum
1247 5161 1316 5200 nam
1339 5142 1384 5199 di-

81 5229 164 5312 lectus,
184 5246 217 5302 ad
239 5265 326 5324 quem
348 5249 489 5308 uniuersa
504 5250 641 5324 quaestio
657 5248 741 5322 redit,
764 5248 801 5305 ad
817 5248 885 5306 illos
901 5267 960 5306 non
973 5248 1118 5325 pervenit,
1140 5246 1179 5304 ad
1194 5245 1384 5305 centuriones
