3444 5932
395 631 702 688 onsnnvnmouns
722 635 1007 687 nrronsrmonn.
1293 615 1363 687 177

322 825 344 864 e.
360 807 383 865 Ι
400 807 603 866 Montanorum
620 807 736 883 (ciuium
748 808 953 884 Romanorum)
970 807 1025 866 lIl.
1048 805 1087 878 V,
1108 805 1196 865 7475.
1219 809 1261 880 X,
1274 807 1364 867 6426.

390 907 468 986 Eph.
485 908 517 966 II
539 929 568 966 n.
584 909 663 982 4713
697 909 724 965 V
747 909 786 968 D.
803 908 950 968 LXXIV.
994 906 1087 967 CBV
1108 929 1137 986 p.
1155 908 1225 968 903.

322 1030 345 1068 o.
363 1010 593 1086 Trumplinorum
609 1009 647 1082 V,
670 1010 761 1069 4910.
806 1008 853 1069 Oi.
869 1010 899 1069 V
920 1029 949 1086 p.
966 1009 1036 1068 515.

323 1130 351 1170 o.
374 1112 549 1170 Vallensium
571 1111 738 1170 Brambaoh
764 1112 852 1170 1631.

265 1211 300 1270 B.
320 1211 569 1289 Bodio(ntieusl):
597 1215 662 1272 coh.
679 1213 724 1272 111
747 1214 817 1289 Alp.
840 1211 878 1289 (si
901 1225 981 1272 recte
1004 1214 1063 1274 hue
1084 1215 1234 1292 refertur).

325 1313 461 1374 Caturia:
487 1313 551 1372 coh.
568 1313 614 1372 ΙΙΙ
637 1315 705 1392 Alp.

326 1403 557 1491 Montanusrffl)

323 1529 409 1578 ‚sarug
425 1519 537 1579 Monte,
611 1492 676 1550 coh.
692 1490 865 1549 Raetorum.

322 1621 482 1680 Sueltrius:
507 1621 556 1678 ala
578 1622 794 1681 Arevaoornm.

196 1719 223 1777 4.
244 1719 400 1781 classiarii:

267 1819 428 1882 Camunnus
441 1822 560 1912 (?)·Xl,
583 1823 622 1884 42
646 1825 697 1902 (ci.
711 1824 839 1884 Hermes
858 1823 894 1882 16
916 1843 944 1902 p.
961 1825 1046 1902 465).

80 1972 139 2034 117.
175 1975 353 2040 Burrenum.

196 2089 221 2147 1.
244 2091 423 2163 praetoriani
446 2123 486 2136 -

193 2187 220 2246 2.
242 2189 410 2266 legionarii:

264 2292 500 2352 Camulodunum:
521 2293 578 2351 inc.

264 2392 396 2452 Glaucam:
418 2393 462 2452 VI
484 2395 540 2452 vic.

193 2493 220 2550 3.
242 2496 393 2554 auxiliarii
405 2495 448 2570 ¹):

75 2627 241 2639 m

115 2711 132 2772 ¹)
152 2713 274 2765 Brittones
293 2721 319 2764 et
337 2714 477 2765 Britannos
496 2715 601 2766 eosdem
621 2729 676 2766 esse
695 2715 794 2780 antiqui
813 2716 885 2764 aiunt
904 2714 1045 2776 (Ausonios
1065 2729 1105 2781 ep.
1118 2717 1281 2780 soe-113;
1299 2717 1364 2768 Pro-

72 2805 135 2865 copius
150 2805 171 2854 b.
185 2806 260 2858 Goth.
274 2809 300 2868 4,
316 2809 364 2868 2ος
390 2807 506 2856 Isidorus
524 2807 589 2871 orig.
604 2807 629 2868 9,
647 2809 753 2868 2102:
779 2807 811 2856 oi.
830 2808 909 2857 Zeuss
928 2805 969 2857 die
988 2803 1129 2858 Deutsclsen
1148 2825 1172 2872 p.
1187 2807 1261 2870 193),
1285 2823 1365 2874 eaque

71 2899 165 2945 annuis
181 2899 206 2947 in
224 2913 390 2948 numerorum
408 2897 540 2948 vocabulis
559 2899 757 2962 interpretandis
771 2897 889 2960 obtinuit,
911 2899 993 2948 donec
1006 2898 1162 2964 Borghesius
1182 2899 1280 2964 (oppi
1300 2915 1325 2964 p.
1338 2900 1364 2962 5)

71 2995 161 3052 suosque
178 2990 295 3054 distingui
315 2990 397 3051 iussit,
418 2997 502 3039 motus
522 3003 552 3040 eo
576 2990 645 3056 quod
664 2992 692 3039 in
711 2989 851 3053 diplomate
874 3006 900 3039 n.
918 2991 975 3040 XII
997 2991 1070 3040 iuxta
1093 2997 1223 3055 ponuntur
1245 2989 1369 3041 colourel

71 3073 190 3130 Bnnrrna
204 3089 230 3130 et
246 3078 367 3130 colsorsl
377 3077 528 3142 Brittonnm,
549 3081 660 3131 evidenti
679 3095 781 3143 errore3
800 3095 860 3132 nam
879 3088 908 3130 nt
926 3082 1097 3132 concedamus
1116 3083 1180 3132 illud
1199 3097 1301 3148 quoque
1320 3098 1364 3133 ιο-

69 3169 157 3220 nouum
175 3187 190 3222 a
207 3173 302 3222 dilectu
318 3172 468 3223 Britannico
487 3173 614 3238 proticisci
635 3172 672 3234 (id
691 3173 760 3238 quod
779 3173 917 3222 verisimile
937 3181 982 3234 est,
1003 3173 1049 3222 sed
1068 3181 1163 3224 certum
1183 3173 1364 3239 nequaquam),

68 3270 116 3309 reon
131 3263 189 3313 dnae
207 3263 327 3314 cohortes
345 3265 444 3328 primae
463 3266 500 3315 ita
518 3265 550 3315 ab
570 3265 660 3314 eodem
680 3265 776 3329 populo
798 3264 897 3314 diverse
920 3265 1044 3330 appellari
1068 3271 1205 3329 potnerunt
1228 3267 1262 3316 ad
1285 3265 1365 3316 ambi·

67 3353 161 3414 gnitatem
179 3355 319 3404 vitandam.
351 3356 526 3406 Nihilominus
546 3373 603 3406 eum
623 3357 717 3408 exinde
734 3355 864 3406 Brittones
884 3370 900 3404 a
916 3355 1047 3406 Britannis
1067 3357 1161 3408 diversi
1179 3357 1268 3408 haberi
1282 3358 1366 3421 coepti

68 3453 135 3508 essent,
153 3448 301 3498 Vincentius
320 3447 353 3496 de
368 3447 412 3497 Vit
430 3449 614 3498 commentario
634 3449 666 3497 de
685 3461 715 3497 ea
736 3447 878 3511 rescripto
898 3445 978 3509 (dello
996 3447 1144 3498 distintione
1163 3455 1205 3498 tro
1223 3445 1368 3498 iBra'tonni

66 3533 182 3588 oBrittoni
197 3531 260 3588 dell’
281 3538 351 3588 isoio
369 3537 401 3588 ed
418 3539 430 3586 i
448 3535 569 3589 Britanni
586 3557 600 3589 o
620 3535 733 3588 Brittoni
751 3537 793 3589 del
811 3539 949 3588 continente
969 3541 995 3589 in
1016 3541 1073 3605 eph.
1093 3540 1233 3589 Mutinensi
1253 3539 1368 3606 opuscoli

66 3627 156 3692 rdr'qiosi
177 3630 293 3680 letterm'
314 3645 328 3680 e
352 3629 446 3680 morali
468 3633 548 3681 ser.2
574 3637 636 3681 tom.
653 3633 686 3680 10
712 3645 736 3680 a.
757 3631 826 3680 1867
851 3647 876 3695 p.
896 3632 1018 3681 42—70.
1044 3631 1192 3680 leo-tlt
1215 3639 1241 3680 et
1263 3631 1366 3681 brevius

66 3713 144 3770 Bullett.
162 3715 220 3772 dell'
242 3719 307 3772 Inst.
325 3723 395 3772 1969
414 3739 440 3787 p.
456 3722 500 3784 29)
519 3723 588 3772 ultra
606 3723 772 3788 progrediens
789 3721 927 3771 Britannos
946 3723 1050 3787 proprie
1069 3723 1103 3772 ad
1120 3723 1230 3773 insulam
1246 3737 1367 3772 revocare

66 3823 122 3862 amns
138 3821 183 3874 est,
206 3812 341 3864 Brittones
363 3815 467 3879 proprie
487 3815 521 3864 ad
539 3815 683 3878 Belgicam,
709 3828 862 3878 quamquam
886 3815 941 3876 ipse
964 3813 1096 3863 consessus
1114 3820 1249 3878 utrumque
1272 3827 1366 3863 nomen
1471 3809 1474 3814 ’

64 3904 181 3964 promiscue
198 3905 317 3969 usurpari
336 3905 451 3970 adeoque
464 3905 583 3970 Belgicus
602 3905 724 3970 populum
743 3905 786 3969 qui
805 3920 869 3956 unus
887 3906 1004 3955 nominat
1016 3905 1116 3955 Plinius
1136 3905 1162 3954 h.
1176 3921 1200 3954 n.
1212 3907 1238 3966 4,
1255 3907 1297 3966 17,
1314 3905 1366 3955 106

63 4008 102 4043 ιιι
117 3996 253 4046 Brittonnm
276 4011 371 4046 nomen
396 3997 419 4046 ei
443 3997 567 4058 tribuere,
597 3998 642 4046 aed
665 3997 856 4047 Britannorum.
904 3998 970 4047 Eam
994 3995 1170 4059 opinationem
1187 3997 1271 4046 Vitius
1295 3997 1367 4046 nullo

62 4084 135 4137 idoneo
159 4095 310 4154 argumento
334 4087 417 4151 inlsit;
446 4101 506 4138 nam
524 4089 668 4154 Procopius
691 4102 757 4154 quae
783 4089 815 4137 de
835 4088 970 4138 Britannia
996 4087 1108 4136 narrarit
1127 4086 1206 4138 Goth.
1225 4089 1255 4148 4,
1277 4089 1312 4138 20
1339 4095 1369 4137 ut

62 4175 155 4229 inhulosa
172 4187 230 4230 sont
248 4187 277 4229 et
294 4179 424 4230 erroribus
448 4179 557 4242 referta,
582 4181 619 4230 ita
644 4179 687 4246 qui
707 4180 852 4230 Brittonnm
879 4179 988 4229 insulam
1008 4177 1198 4242 Procopianam
1221 4194 1277 4229 esec
1300 4179 1368 4229 iudi·

63 4276 93 4316 (ιι
107 4269 252 4322 Cimbricam
272 4271 461 4334 paeninsulam,
482 4272 539 4336 ipso
558 4271 688 4336 Procopio
707 4271 788 4320 multo
808 4271 889 4335 magis
908 4276 1031 4334 nugatur,
1055 4268 1293 4336 subsistendumque
1313 4287 1367 4322 om·

62 4361 147 4412 ninoin
167 4362 254 4412 sobrio
279 4361 376 4412 iudicio
395 4362 464 4427 quod
484 4363 516 4412 de
534 4363 704 4427 Procopiauis
728 4363 779 4412 illis
797 4361 916 4411 Zeussius
940 4359 991 4422 (die
1009 4357 1150 4410 Deutsclten
1170 4377 1195 4425 p.
1209 4360 1274 4426 497)
1300 4363 1367 4413 tulit.

62 4447 157 4503 Britanni
182 4461 268 4504 antem
293 4453 326 4502 ad
352 4454 479 4518 Ligerim,
509 4455 552 4518 qui
572 4455 738 4504 nominantur
764 4452 797 4502 ab
824 4453 970 4502 auctoribus
993 4453 1089 4502 saeculi
1113 4453 1194 4516 quinti
1221 4451 1264 4512 (ci.
1288 4455 1368 4504 Zeuss

61 4545 149 4606 11176),
168 4547 199 4595 sd
217 4545 287 4595 hano
307 4546 481 4610 quaestionem
501 4559 553 4596 uon
572 4546 710 4610 pertinent.
742 4546 810 4594 Vere
824 4543 943 4594 Britanni
962 4543 999 4592 illi
1013 4543 1134 4608 Belgicae
1154 4543 1301 4608 provinciae
1314 4559 1367 4594 uno

60 4631 105 4682 loro
123 4635 194 4686 Plinii
214 4637 352 4686 memorati
373 4638 400 4686 in
419 4651 584 4687 numerorum
608 4635 739 4686 vocabulis
763 4637 847 4684 locum
869 4635 968 4685 nullom
992 4641 1078 4684 tenent
1102 4640 1127 4682 et
1152 4641 1277 4699 quotquot
1296 4649 1367 4698 repe-

61 4725 142 4777 riuntur
161 4730 213 4778 sire
231 4727 380 4778 Brittonnm
405 4729 466 4777 dieti
490 4729 543 4778 sive
563 4728 760 4788 Britannorum,
789 4727 844 4792 pari
869 4727 925 4775 iure
948 4725 981 4775 ad
1005 4725 1116 4776 insulam
1138 4725 1275 4774 revocandi
1300 4733 1366 4775 sunt.

61 4813 132 4881 licque
154 4821 218 4870 enim
243 4818 345 4868 admitti
371 4827 467 4883 potest,
498 4820 567 4885 qnod
591 4819 696 4870 admisit
719 4819 817 4880 Vitins,
846 4818 969 4884 populum
995 4817 1066 4866 illum
1094 4815 1230 4866 obscurum
1254 4831 1300 4866 sex
1324 4832 1366 4866 co·

59 4905 128 4959 hones
149 4920 173 4960 et
194 4911 306 4960 tortasse
330 4911 398 4961 alain
423 4925 538 4976 quoque,
564 4917 697 4976 praeterea
720 4924 841 4960 numeros
866 4907 1010 4973 complures
1035 4907 1149 4967 dedisse,
1178 4907 1260 4957 multo
1284 4908 1368 4957 minus

60 5007 127 5048 antem
146 5003 181 5051 its
202 5002 288 5052 nullos
312 5002 366 5052 iere
391 5003 485 5052 milites
507 5003 615 5067 reperiri
641 5017 657 5051 a
681 5001 816 5066 provincia
840 4999 974 5050 Britannia
1001 5006 1161 5063 nuncupatos
1191 4997 1234 5058 (oi.
1263 4998 1367 5048 Tacitus

60 5088 105 5140 hist.
119 5095 139 5153 1,
153 5093 203 5154 70).
230 5120 264 5130 -
294 5093 325 5142 In
345 5109 510 5144 numerorum
529 5094 660 5144 uocabulis
683 5093 726 5142 ubi
751 5093 784 5141 de
807 5092 888 5142 altera
910 5097 969 5141 utra
991 5091 1075 5140 iorma
1099 5094 1210 5149 constet,
1238 5089 1300 5137 item
1324 5089 1368 5138 ubi

61 5191 144 5246 propter
160 5184 258 5234 hiatum
277 5183 318 5233 rel
337 5185 516 5250 compendium
537 5192 643 5250 utraque
662 5184 746 5234 locum
766 5183 861 5234 habere
881 5183 1000 5246 potuerit,
1019 5181 1175 5244 intellegitur
1194 5192 1226 5227 ex
1244 5179 1367 5229 laterculo

60 5285 121 5334 snpra
137 5276 279 5339 proposito,
309 5277 519 5342 appellanturque
538 5278 565 5327 in
584 5276 625 5326 his
644 5277 755 5326 insulani
775 5276 925 5338 plerumque
946 5271 1079 5322 Brittones.
1113 5267 1235 5319 Britanni
1253 5271 1292 5321 bis
1311 5277 1366 5322 tan·

124 5381 156 5440 V.
1100 5377 1138 5438 tt
