3348 5926
403 535 707 588 oassavsrronrs
734 533 1017 586 arroasrarosn.
1304 515 1375 586 639

63 711 104 770 sed
127 711 236 787 utrique
261 711 373 786 pariter
399 719 490 786 atque
517 709 690 770 officialium
718 709 829 768 scrinia
861 708 899 766 ad
927 718 1039 767 sertum
1068 727 1224 766 numerum
1257 709 1376 786 publice

61 814 136 870 creati
156 821 183 871 et
205 813 378 890 disciplinae
401 813 548 890 praesidis
572 812 709 871 similiter
732 811 857 870 subiecti
876 820 953 869 recte
970 810 1147 870 officialibus
1163 811 1374 888 adiunguntur.

62 915 98 971 lta
120 915 147 972 in
171 914 233 992 lege
255 933 281 973 a.
300 915 359 973 344
387 915 506 974 derecta
534 915 571 974 ad
599 915 743 974 ricarium
766 913 888 972 Airioae
915 909 965 988 (O.
982 911 1039 971 Th.
1061 911 1090 984 8,
1113 911 1160 984 10,
1183 912 1218 989 2)
1246 913 1289 972 sis
1311 922 1374 974 est:

56 1027 155 1090 praeter
178 1017 321 1075 sollemnes
350 1027 376 1076 et
403 1021 555 1076 canonicos
578 1019 782 1093 pensitationes
808 1017 897 1074 multu
924 1035 943 1072 o
965 1013 1193 1090 provincialibus
1219 1015 1304 1090 Afris
1330 1020 1374 1074 in·

60 1118 201 1192 dipsissirne
223 1121 408 1194 postulantur
432 1120 468 1178 al>
496 1120 668 1196 officialibus
697 1129 721 1176 et
750 1118 941 1176 scholasticis.
990 1115 1155 1174 commoda
1182 1125 1280 1176 autem
1310 1118 1372 1178 litis

58 1238 112 1276 oum
132 1240 148 1278 a
168 1221 301 1296 partibus
323 1231 383 1280 tam
406 1221 615 1298 exceptoribus
639 1229 668 1278 et
690 1220 842 1278 advocatis
866 1229 1057 1295 praestentur
1079 1237 1170 1294 quam
1191 1219 1371 1280 officialibus

56 1321 228 1395 quibusdam,
251 1324 287 1382 de
310 1325 445 1400 utrisque
468 1325 606 1382 similiter
627 1323 703 1382 edici
725 1321 830 1399 potuit.
862 1354 902 1363 -
933 1319 1116 1380 Officialium
1139 1329 1287 1397 quatenus
1310 1343 1370 1381 me·

55 1433 189 1482 morantur
210 1425 284 1484 ordo
306 1427 446 1485 convenit
466 1445 532 1484 cum
550 1427 654 1497 forma,
678 1443 767 1501 quam
783 1423 924 1502 proponit
938 1422 1056 1482 Notitia
1071 1424 1248 1502 dignitatum
1265 1425 1370 1501 (supra

53 1525 168 1602 post).

86 1627 300 1688 advocatorum
322 1630 482 1690 honoraria
504 1630 614 1688 dudum
637 1639 705 1688 ante
727 1630 802 1688 baec
825 1637 961 1705 tempora
987 1629 1118 1706 legitime
1144 1628 1276 1688 admissa
1302 1647 1369 1689 esse

51 1737 137 1788 uotum
159 1741 215 1804 est;
239 1733 460 1808 apparitoribus
484 1741 516 1790 ut
537 1741 638 1810 partes
661 1751 715 1806 pro
739 1751 830 1808 opera
853 1729 993 1808 quiddam
1017 1731 1170 1789 solverent
1191 1731 1289 1790 adhue
1308 1742 1368 1792 sta·

51 1839 155 1892 tuerunt
176 1835 230 1892 viri
254 1835 332 1894 docti
355 1836 453 1894 medio
475 1834 591 1892 demum
615 1835 737 1892 saeculo
759 1835 864 1910 quinto
886 1841 1038 1910 receptum
1060 1833 1176 1910 esee1).
1213 1834 1278 1892 Iam
1298 1853 1368 1893 vero

48 1951 98 1991 uon
128 1935 220 1994 solum
256 1937 397 1996 discimus
431 1937 548 2012 aliquas
576 1935 722 1994 eiusmodi
749 1935 969 2012 praestationes
996 1945 1075 1994 certe
1108 1935 1228 1994 saeculo
1261 1945 1367 2012 quarto

48 2036 133 2094 medio
154 2037 285 2115 legitime
311 2039 487 2111 obtinuisse,
516 2038 570 2097 sed
596 2037 687 2097 etiam
716 2055 862 2114 quaenam
890 2057 941 2096 eae
968 2037 1080 2097 luerint
1106 2037 1296 2114 aliquatenus
1323 2039 1366 2097 in·

45 2137 207 2216 tellegimus.

81 2237 175 2300 Causa
196 2243 399 2319 sportularum
422 2243 542 2302 diversa
563 2251 623 2315 εει,
651 2242 764 2301 seilicet
786 2243 843 2300 tria
870 2242 970 2319 capita
996 2241 1101 2312 officii,
1127 2241 1199 2299 item
1226 2241 1364 2302 officialis

43 2351 170 2403 executor
190 2346 457 2405 remunerationem
479 2345 630 2421 accipiunt
651 2363 705 2421 pro
728 2363 763 2402 eo
785 2344 864 2419 quod
887 2344 1008 2402 mittunt
1030 2345 1238 2415 mittunturve‚
1262 2353 1366 2404 contra

44 2445 225 2506 scholasticus
249 2455 391 2523 exceptor
412 2447 580 2506 libellensis
600 2446 769 2506 eonomine
785 2446 865 2522 quod
881 2465 1003 2531 operam
1019 2455 1130 2505 navant
1145 2463 1234 2504 orans
1249 2445 1311 2519 ille,
1333 2447 1363 2506 bi

41 2547 200 2608 scribentes.

76 2651 158 2710 Prius
181 2652 386 2730 sportularum
409 2669 503 2728 genus
525 2669 706 2728 quamquam
730 2651 795 2710 siue
817 2650 907 2709 dubio
930 2651 967 2708 ad
984 2649 1206 2709 omniaitinera
1220 2651 1364 2728 pertinuit

39 2753 148 2811 officiali
170 2753 319 2831 praesidis
342 2763 464 2831 propter
485 2754 566 2812 litem
590 2754 735 2829 privatam
758 2755 837 2811 iutra
859 2753 905 2810 vel
930 2759 1018 2812 extra
1041 2751 1192 2811 civitatem
1218 2753 1362 2828 iniuncta,

37 2853 63 2910 id
82 2857 157 2930 quod
184 2857 287 2916 multis
314 2874 353 2914 ex
379 2857 480 2915 causis
508 2856 627 2914 evenire
655 2865 768 2932 potest,
796 2855 870 2913 duas
898 2873 946 2914 res
973 2855 1163 2932 potissimum
1190 2857 1363 2932 complecti·

37 2965 91 3028 tur,
122 2961 295 3035 petitionem
323 2977 375 3017 reo
404 2956 647 3032 insinuassent)
682 2967 712 3015 et
740 2958 971 3034 appellationem
1001 2957 1038 3014 ad
1068 2957 1196 3016 iudicem
1218 2959 1361 3018 maiorem

35 3057 273 3133 imperatoremve
295 3059 568 3131 transmittendam
595 3061 672 3118 hano
694 3059 769 3120 adeo
792 3068 895 3136 aperte
923 3061 1093 3138 significant
1121 3079 1198 3136 quae
1224 3061 1363 3139 leguntur

36 3177 59 3216 r.
74 3159 110 3217 10
132 3163 168 3220 de
191 3161 315 3222 officiali
338 3162 480 3221 mittendo
503 3171 586 3221 trans
609 3161 738 3238 mare³).
775 3162 836 3219 Res
859 3153 957 3220 autem
980 3163 1022 3220 ita
1040 3162 1202 3240 perficitur,
1226 3171 1258 3220 ut
1278 3164 1360 3240 prin·

33 3279 95 3339 ceps
117 3275 308 3324 executorem
331 3265 433 3342 aliquo
448 3264 491 3320 ire
506 3264 623 3334 iubeat3
646 3282 714 3322 uam
729 3282 807 3322 nemo
823 3264 997 3338 officialium,
1019 3265 1214 3340 imperatores
1230 3265 1359 3341 aiuntl),

32 3367 55 3420 ln
77 3383 172 3426 carmus
195 3368 318 3442 alipreod
337 3370 395 3425 nisi
413 3369 545 3442 principe
566 3371 721 3442 inperante
748 3369 884 3422 initiatur.
930 3363 1153 3424 Cornicularius
1182 3385 1301 3442 quoque
1327 3379 1360 3427 ιιι

29 3478 91 3541 post
111 3469 277 3545 principem
301 3468 448 3527 secundus
476 3480 535 3539 est,
561 3467 602 3524 ita
624 3467 654 3524 iu
677 3477 836 3524 executore
860 3466 1003 3525 mittendo
1026 3467 1091 3525 eius
1115 3468 1233 3542 aliquae
1256 3479 1358 3544 partes

28 3587 88 3626 esse
108 3571 319 3648 potuerunt5).
357 3569 471 3629 Contra
493 3569 529 3627 de
545 3569 804 3628 commentariensi
828 3569 915 3626 aliter
936 3567 1053 3626 videtur
1075 3569 1264 3628 statuendum
1280 3590 1357 3646 esse,

27 3689 86 3730 oum
107 3690 216 3732 causas
238 3672 356 3743 civiles,
384 3671 420 3730 de
442 3671 552 3748 quibus
574 3671 623 3729 hio
644 3671 755 3749 agitur,
784 3671 811 3728 is
834 3689 894 3729 non
917 3669 1072 3745 tractat).
1119 3668 1250 3730 Omnino
1273 3691 1357 3749 spor·

79 3927 100 3990 ¹)
119 3931 414 3994 aerumans-flottam
436 3926 605 3996 Cier'lprocesa
625 3932 638 3980 1
660 3945 685 3994 p.
702 3929 762 3980 159.
783 3928 799 3978 3
820 3945 844 3994 p.
857 3930 918 3978 200.
962 3927 1039 3990 Quod
1058 3929 1125 3980 tradi
1144 3929 1210 3979 solet
1230 3929 1355 3981 Constan-

23 4021 97 4072 tinum
121 4023 249 4088 Magnum
273 4023 401 4089 sportulas
425 4037 513 4072 omnes
537 4024 661 4084 vetuisse,
691 4038 723 4071 ex
747 4021 928 4071 constitutione
948 4035 971 4070 a.
983 4021 1035 4072 331
1058 4021 1276 4086 c.Th.1‚1s,⁷
1301 4039 1354 4074 non

22 4122 84 4163 recte
103 4115 255 4178 effecerunt3
285 4131 346 4166 nam
365 4116 412 4165 etsi
431 4115 574 4180 apparitori
599 4129 629 4166 eo
654 4122 768 4178 tempore
793 4128 845 4164 non
870 4113 942 4163 licuit
960 4115 1094 4179 pecuniam
1119 4116 1222 4179 exigere
1245 4131 1291 4181 pro
1315 4117 1354 4166 in·

18 4221 99 4268 gressu
119 4209 154 4258 ad
172 4209 318 4274 praesidem
337 4223 383 4258 uec
407 4207 489 4272 magis
512 4215 616 4273 propter
639 4207 789 4257 tradendam
809 4207 961 4257 sententiam
987 4221 1003 4256 a
1026 4209 1144 4272 praeside
1169 4209 1268 4270 datam,
1292 4209 1353 4259 inde

20 4313 68 4348 non
88 4301 205 4366 sequitur
224 4301 307 4350 nullas
327 4301 432 4349 omnino
453 4299 580 4364 sportulas
604 4311 635 4348 eo
659 4307 774 4363 tempore
797 4305 900 4348 exactas
926 4313 989 4350 esse.
1032 4300 1157 4350 Neutrum
1181 4301 1351 4365 sportularum

17 4405 93 4454 genus
113 4393 211 4444 Iuliani
230 4399 313 4443 aetate
333 4392 430 4442 licitum
448 4391 526 4442 fuisse
547 4407 577 4441 ex
597 4393 647 4442 hoc
666 4391 750 4441 edicto
774 4389 829 4440 iure
852 4391 1013 4456 colligemus3
1039 4399 1127 4456 postea
1146 4399 1282 4456 utrumque
1306 4393 1350 4442 ad·

17 4486 119 4535 missum
139 4493 188 4535 est.

70 4575 94 4639 ²)
114 4577 167 4629 Res
186 4585 256 4627 nota.
295 4576 584 4640 assumens-Hortum
604 4577 620 4626 3
640 4591 665 4640 p.
679 4577 740 4626 201.

68 4667 92 4730 ³)
113 4671 144 4720 C.
160 4670 209 4720 Th.
227 4671 270 4731 11,
292 4669 335 4731 30,
356 4669 390 4718 29
411 4683 434 4718 a.
450 4666 501 4717 362
527 4669 560 4718 ad
580 4667 702 4717 vicarium
722 4666 806 4718 urbis:
832 4666 1016 4734 appellationes
1115 4681 1167 4716 com
1191 4665 1348 4732 resolutoriis

8 4759 126 4828 precibus
145 4797 152 4811 .
170 4795 196 4810 ..
222 4759 258 4810 ad
275 4767 386 4812 nostrum
409 4761 549 4811 comitatam
572 4760 702 4808 mittuntur
725 4766 822 4809 strenuo
848 4757 965 4809 videlicet
989 4757 1097 4825 officiali
1119 4773 1149 4807 ae
1171 4756 1211 4808 tte
1235 4760 1279 4825 qui
1301 4758 1348 4808 tibi

5 4860 98 4916 pareat
118 4851 156 4902 od
174 4851 239 4903 lianc
257 4851 450 4903 sollicitudinem
469 4851 553 4912 electo,
575 4852 614 4901 ita
632 4859 659 4900 nt
679 4887 707 4901 ..
728 4850 847 4916 diesque
866 4851 962 4916 perulis
984 4859 1057 4918 qesta
1080 4848 1216 4900 tradantur
1233 4849 1347 4918 fideliter

11 4942 162 5010 teneretur.
200 4945 242 4995 Gi.
261 4947 279 4996 l.
294 4946 327 4995 31
348 4945 461 4994 eiusdem
481 4945 548 4994 tituli
569 4949 593 4992 et
614 4945 638 5005 Β,
659 4945 702 5006 11,
723 4945 748 4994 4.

63 5035 88 5098 ⁴)
110 5037 141 5088 G.
158 5038 207 5087 Tb.
229 5039 253 5099 6,
276 5037 319 5098 28,
342 5039 355 5086 1
376 5051 399 5087 a.
415 5036 476 5087 379.
515 5037 587 5087 Idem
607 5037 770 5087 constituitur
788 5035 806 5085 l.
822 5034 846 5084 3.
867 5038 892 5084 4.

63 5127 88 5188 ⁵)
108 5129 398 5194 Bethmann-Hollweg
417 5129 434 5179 l.
449 5145 470 5180 c.
491 5145 515 5193 p.
531 5129 592 5180 145.

63 5217 89 5282 ⁶)
110 5220 185 5272 Idem
203 5221 221 5272 1.
236 5237 257 5273 c.
276 5222 378 5288 p.14'l.
